2165 3835
305 410 384 461 348
572 417 792 448 Miconos
824 416 885 448 oF
918 415 1018 446 THE
1051 415 1286 447 BOROUGH
1320 415 1380 446 OF
1414 414 1760 445 NOTTINGHAM.
1896 402 2022 455 [1485

303 541 417 593 apud
458 539 743 593 Notingham,
779 553 828 580 ac
866 539 958 579 aliis
996 538 1174 579 diversis
1212 537 1375 587 diebus,
1410 535 1700 577 communiter
1736 540 1778 575 et
1814 534 2030 582 usualiter,

302 614 565 663 custodiunt,
609 620 651 654 et
693 626 841 654 eorum
885 613 1067 666 quilibet
1108 611 1309 660 custodit,
1345 610 1515 651 bordell'
1558 615 1600 650 et
1642 608 1947 649 enormitatem
1986 607 2027 647 in

304 688 507 729 domibus
531 688 617 728 suis
641 689 682 728 in
707 687 907 728 noctibus
931 694 973 728 et
1000 687 1162 735 diebus,
1194 686 1235 725 in
1266 684 1638 738 perturbationem
1669 682 1819 736 populi
1850 682 2031 723 Domini

307 762 441 815 Regis
463 768 506 803 et
528 769 680 803 contra
703 775 856 815 pacem
880 774 1015 810 suam,
1039 767 1136 801 etc.1

393 837 451 877 Et
473 837 635 886 dicunt,
659 837 776 889 quod
800 835 1047 876 Willelmus
1069 834 1395 886 Wadyngham,
1425 833 1480 873 de
1510 831 1796 884 Notingharn,
1828 830 1869 870 in
1902 830 2031 872 Com-

306 911 415 950 itatu
445 910 572 950 villae
606 909 904 962 Notingham',
937 923 1083 957 wever,
1117 915 1159 948 et
1194 907 1389 948 Thomas
1425 907 1542 956 Cost,
1575 906 1629 946 de
1662 906 1825 946 eisdem
1856 904 1958 944 villa
1990 910 2032 944 et

307 985 543 1034 Comitatu‚
582 984 719 1034 balecr,
756 984 898 1037 primo
935 983 1005 1023 die
1043 981 1326 1035 Septembris,
1364 994 1480 1021 anno
1517 980 1637 1033 regni
1678 979 1811 1031 Regis
1856 978 2031 1018 Ricardi

305 1060 441 1100 Tertii
479 1059 682 1108 secundo,
721 1059 837 1111 apud
877 1057 1151 1110 Notingham
1189 1055 1470 1110 praedictam,
1505 1054 1698 1095 luserunt
1742 1053 1796 1094 ad
1841 1052 1952 1094 talos
1990 1059 2033 1093 et

306 1134 412 1174 alios
441 1134 567 1175 ludos
598 1133 769 1174 illicitos
799 1139 840 1174 et
871 1132 1123 1186 prohibitos,
1148 1138 1299 1172 contra
1329 1130 1513 1171 formam
1545 1128 1709 1172 Statuti
1740 1128 1841 1168 inde
1863 1127 1966 1168 editi
1991 1133 2033 1167 et

306 1209 478 1261 provisi,
502 1215 578 1250 etc.
1856 1213 1893 1252 4,
1917 1214 1972 1241 ro.
2004 1212 2032 1240 1.

396 1432 454 1472 Et
476 1431 660 1480 dicunt‚2
682 1430 799 1483 quod
824 1429 1070 1469 Willelmus
1102 1429 1314 1480 Mastury,
1337 1428 1391 1468 de
1422 1425 1708 1478 Notingham,
1736 1424 1777 1464 in
1810 1423 2033 1466 Comitatu

309 1505 436 1545 villae
459 1504 757 1557 Notingham',
776 1503 926 1553 becher,
947 1517 1063 1543 nono
1085 1503 1155 1543 die
1179 1502 1394 1551 Octobris,
1418 1514 1534 1541 anno
1556 1500 1676 1553 regni
1702 1498 1835 1552 Regis
1861 1498 2035 1539 Ricardi

309 1579 444 1619 Tertii
468 1578 692 1627 secundo,3
714 1579 830 1631 apud
859 1577 1133 1631 Notingham
1165 1576 1445 1630 praedictam,
1469 1574 1665 1615 vendidit
1694 1573 1873 1614 diversis
1904 1572 2036 1625 legeis

310 1653 489 1694 Domini
515 1653 648 1706 Regis
671 1666 821 1693 carnes
844 1653 898 1693 de
921 1666 1063 1701 vacca,
1086 1665 1198 1704 quae
1222 1650 1300 1691 suit
1331 1656 1502 1690 mortua
1532 1656 1574 1689 et
1603 1654 1816 1700 corrupta,
1840 1647 1881 1686 in
1905 1660 2036 1699 grave

308 1733 621 1767 nocumentum
647 1727 869 1779 legeorum
896 1726 1075 1766 Domini
1102 1725 1245 1777 Regis,
1269 1731 1311 1764 et
1341 1730 1493 1764 contra
1522 1722 1707 1762 formam
1740 1722 1903 1763 Statuti
1935 1721 2035 1761 inde

309 1802 414 1842 editi
438 1809 480 1842 et
504 1802 673 1855 provisi,
698 1808 774 1842 etc.
1858 1808 1894 1847 4,
1920 1810 1973 1835 ro.
2001 1806 2034 1846 3.

609 2048 1136 2100 CXLVL—Agywmffls
1159 2047 1263 2087 wlffi
1287 2047 1353 2086 MC
1379 2047 1473 2097 Οἵ]
1494 2047 1547 2097 (If
1568 2045 1744 2085 Limam

804 2122 1041 2175 1¹1ga7'dl't4gr
1059 2122 1124 2161 [lle
1147 2121 1300 2173 taking
1317 2121 1370 2172 of
1394 2120 1536 2160 γρηΰ

1003 2214 1117 2263 1485,
1143 2212 1268 2264 April
1295 2223 1354 2252 20.

401 2321 654 2363 5Universis
687 2326 729 2361 et
759 2319 938 2372 singulis
971 2319 1129 2361 Christi
1161 2317 1359 2358 fidelibus
1392 2317 1473 2357 hoc
1504 2329 1707 2369 praesens
1737 2316 1945 2368 scriptum
1977 2315 2038 2354 in-

313 2396 543 2435 dentatum
581 2395 733 2434 visuris
772 2394 837 2434 vel
875 2394 1095 2441 audituris,
1136 2392 1326 2445 Majores
1369 2399 1411 2432 et
1450 2391 1800 2433 Communitates
1839 2390 2039 2432 Civitatis

316 2469 512 2509 Lincoln’
536 2475 578 2509 et
611 2468 738 2508 villae
771 2467 1056 2519 Notingham'
1080 2467 1265 2507 salutem
1294 2467 1335 2506 in
1368 2466 1570 2506 Domino.
1635 2465 1746 2507 Cum
1769 2464 1913 2504 variae
1944 2463 2039 2504 lites

314 2551 357 2585 et
379 2543 623 2585 discordiae
653 2556 789 2595 nuper
819 2548 1000 2582 exortae
1023 2540 1195 2582 fuerunt
1225 2541 1335 2582 inter
1365 2554 1442 2581 nos
1465 2540 1519 2581 de
1542 2546 1584 2580 et
1613 2553 1691 2592 pro
1713 2539 1892 2579 diversis
1916 2538 2039 2579 theo-

315 2619 440 2659 loniis
470 2625 513 2658 et
543 2617 635 2658 aliis
666 2616 881 2669 regalibus
912 2615 1299 2656 consuetudinibus
1330 2621 1482 2655 mutuo
1511 2612 1817 2666 calumpniatis
1847 2618 1889 2653 et
1919 2625 2041 2665 prae-

316 2693 439 2742 stitis,
458 2692 638 2733 tandem
657 2704 759 2731 vero
782 2689 963 2743 praefati
990 2689 1180 2742 Majores
1204 2695 1246 2729 et
1271 2688 1622 2731 Communitates
1645 2687 1783 2727 dictas
1801 2686 2040 2727 discordias

316 2768 467 2807 sedare
502 2772 544 2807 et
579 2765 807 2806 vicinalem
843 2764 1121 2806 dilectionem
1161 2764 1353 2804 radicare
1387 2770 1429 2804 et
1466 2762 1648 2803 celerem
1680 2752 1895 2814 justitiam
1932 2761 2042 2800 inter

317 2855 395 2882 nos
429 2840 673 2881 ministrare
708 2839 960 2892 cupivimus,
984 2852 1060 2892 per
1093 2839 1257 2879 litteras
1292 2844 1462 2877 nostras
1498 2836 1694 2876 missivas
1728 2847 1893 2887 pacem,
1917 2834 2042 2874 carit-

317 2922 433 2956 atem
457 2921 499 2955 et
518 2914 734 2968 justitiam
759 2914 1032 2967 continentes
1055 2913 1302 2954 alternatim
1326 2910 1656 2960 transmisimus,
1675 2909 1915 2962 diebusque
1938 2908 2042 2948 locis

318 2989 628 3042 appunctuatis
670 2995 712 3029 et
754 2987 959 3041 praefixis
1002 3001 1078 3040 per
1125 2993 1296 3028 nostros
1340 2985 1487 3026 fideles
1529 2991 1571 3025 et
1620 2983 1824 3037 taphidos
1865 2982 2042 3030 vicinos,

319 3063 591 3103 obviavimus
644 3063 759 3115 apud
814 3062 1048 3103 Civitatem
1104 3061 1300 3101 Lincoln’
1342 3067 1384 3101 et
1435 3059 1557 3100 villas
1609 3056 1953 3110 Notinghamiae
2000 3062 2043 3096 et

321 3138 556 3186 Nexvarch',
580 3144 622 3177 et
657 3137 817 3176 ibidem
854 3150 951 3176 cum
985 3136 1298 3176 deliberatione
1331 3141 1501 3174 matura
1535 3132 1816 3173 tractavimus
1850 3138 1892 3171 et
1925 3144 2041 3170 com-

386 3273 393 3285 ¹
419 3269 491 3299 The
505 3268 579 3309 jury
591 3268 629 3298 os
642 3268 696 3298 [he
714 3268 909 3299 Conslables
926 3272 1055 3308 present
1069 3267 1115 3298 six
1313 3271 1324 3281 4
1349 3266 1434 3295 'shut
1452 3265 1477 3295 is
1495 3264 1549 3295 the
1563 3264 1636 3304 jury
1652 3263 1689 3293 of
1702 3263 1755 3293 the
1773 3261 1978 3293 Constables.

321 3323 358 3353 of
378 3323 431 3353 the
447 3323 551 3353 above
570 3330 703 3362 persons
720 3322 784 3352 and
809 3326 983 3353 seventeen
1007 3322 1116 3353 others
1319 3324 1325 3340 ³
1349 3319 1520 3358 Saluid-ay,
1541 3318 1687 3349 October
1703 3325 1734 3355 9,
1759 3316 1848 3355 1483.

323 3378 371 3408 sor
388 3378 442 3409 the
459 3388 547 3408 same
564 3377 699 3408 ofsenee.
1313 3377 1324 3394 ⁴
1348 3373 1418 3404 The
1444 3373 1527 3403 drast
1552 3373 1588 3402 of
1609 3372 1673 3402 this
1697 3375 1895 3411 agreement,
1916 3369 2043 3399 written
