2165 3835
282 373 364 412 226
547 378 766 411 RECORDS
799 378 859 410 OF
892 377 991 409 THE
1024 377 1259 409 BOROUGH
1293 376 1353 408 OF
1389 374 1735 407 NOTTINGHAM.
1870 364 2000 417 [1458

281 508 477 556 quatuor,
500 507 586 542 tres
619 501 685 542 vel
718 501 806 541 duo
837 507 1028 541 vestrum
1062 500 1265 553 (quorum
1299 498 1488 551 aliquem
1521 503 1736 538 vestrum1
1766 511 1854 546 VOS,
1877 510 1998 550 prae-

281 577 357 617 fati
405 575 626 616 Willelme
668 575 946 628 Babyngton,
989 574 1123 623 miles,
1168 573 1355 613 Ricarde
1398 571 1643 624 Byngham,
1686 577 1729 611 et
1775 571 1999 624 Johannes

284 652 557 704 Portyngton
581 663 715 690 unum
745 663 839 689 esse
860 647 1091 700 volumus),
1115 647 1151 687 ei
1181 647 1276 686 sciri
1300 646 1476 694 facietis,
1499 645 1644 685 venire
1666 644 1825 685 faceret
1854 658 2000 684 coram

281 725 415 775 vobis,
438 738 607 774 novem,
637 730 747 773 octo,
777 729 957 776 septem,
987 736 1077 771 sex,
1105 720 1307 774 quinque,
1336 725 1532 772 quatuor,
1560 718 1697 758 tribus
1731 718 1798 758 vel
1832 718 2003 758 duobus

281 806 473 841 vestrum
497 799 700 853 (quorum
724 798 913 850 aliquem
936 803 1127 837 vestrum
1150 809 1237 844 vos,
1261 793 1443 847 praefati
1473 792 1693 833 &Villelme
1724 792 2004 845 Babyngton‚

284 874 417 924 miles,
452 873 638 914 Ricarde
676 871 920 925 Byngham,
958 876 1001 911 et
1035 869 1260 923 Johannes
1300 868 1574 920 Portyngton
1612 879 1747 906 unum
1785 879 1878 906 esse
1913 865 2005 906 vol-

283 947 440 1001 umus),
463 953 529 988 tot
558 953 600 987 et
634 946 742 987 tales
771 945 931 998 probos
960 950 1003 985 et
1033 943 1193 996 legales
1223 942 1423 982 homines
1453 948 1543 982 tam
1575 941 1629 981 de
1657 940 1760 980 villa
1788 954 1920 993 quam
1950 940 2006 981 de

285 1023 509 1065 Comitatu
541 1020 784 1074 praedictis,
816 1032 892 1072 per
923 1031 1033 1071 quos
1069 1017 1128 1057 rei
1164 1016 1322 1057 veritas
1355 1016 1396 1055 in
1435 1015 1683 1068 praemissis
1717 1014 1871 1055 melius
1908 1014 2006 1056 sciri

284 1097 444 1150 poterit
466 1102 508 1136 et
531 1095 697 1148 inquiri.
761 1094 812 1134 In
843 1092 965 1146 cujus
995 1092 1053 1132 rei
1082 1091 1383 1132 testimonium
1413 1090 1491 1130 has
1521 1090 1687 1130 litteras
1716 1095 1887 1130 nostras
1917 1087 2007 1129 fieri

286 1170 465 1211 fecimus
497 1175 707 1223 patentes.
771 1168 904 1207 Teste
934 1180 1004 1206 me
1033 1166 1137 1218 ipso,
1162 1165 1277 1218 apud
1308 1163 1762 1212 W'estmonasterium,
1786 1163 1913 1204 xxix.
1937 1162 2009 1203 die

288 1244 447 1293 Martii,
472 1256 587 1284 anno
610 1241 729 1294 regni
753 1241 888 1281 nostri
911 1240 1118 1281 vicesimo
1141 1239 1376 1292 quarto.''’2

374 1318 594 1372 ‘Quarum
617 1316 793 1370 quidem
817 1315 1057 1356 litterarum
1081 1314 1326 1367 patentium
1358 1319 1591 1367 praetextu
1621 1318 1903 1366 praeceptum
1930 1311 2010 1353 fuit

287 1391 547 1434 Vicecomiti
575 1390 887 1444 Notyngham‘‚
910 1389 1028 1442 quod
1051 1402 1138 1428 non
1168 1387 1422 1438 omitteret,3
1443 1394 1534 1437 ete,
1557 1387 1660 1440 quin
1683 1386 1829 1427 venire
1850 1385 2011 1426 faceret

288 1480 433 1506 coram
457 1464 662 1518 praefatis
681 1463 923 1517 justitiariis
946 1463 1062 1516 apud
1088 1462 1390 1515 Notyngham,
1414 1463 1483 1502 die
1507 1461 1662 1502 Martis
1685 1461 1889 1514 proximo
1911 1467 2012 1514 post

289 1540 446 1581 festum
497 1539 647 1581 Sancti
697 1538 835 1578 Marci
887 1537 1207 1590 Evangelistae,
1256 1550 1372 1577 anno
1419 1536 1627 1576 vicesimo
1675 1542 1832 1589 quarto
1881 1549 2013 1588 supra

289 1614 439 1664 dieto,4
461 1613 628 1667 xxiiijor
656 1613 815 1666 probos
845 1618 887 1653 et
917 1611 1078 1664 legales
1108 1611 1307 1651 homines
1337 1611 1391 1651 de
1421 1610 1644 1663 praedicta
1672 1610 1774 1650 villa
1808 1609 2012 1662 Notyng-

289 1689 414 1739 ham’,
438 1701 607 1728 necnon
641 1686 809 1739 xxiiijOr
834 1686 994 1739 probos
1028 1692 1071 1726 et
1105 1685 1266 1738 legales
1298 1685 1497 1725 homines
1530 1685 1584 1725 de
1613 1684 1809 1737 quolibet
1840 1698 2012 1738 wapen-

290 1763 410 1816 tagio
440 1762 686 1805 Comitatus
720 1761 941 1814 praedicti,
968 1774 1044 1814 per
1073 1774 1182 1813 quos
1217 1760 1274 1800 rei
1308 1760 1465 1800 veritas
1500 1759 1542 1799 in
1577 1759 1825 1812 praemissis
1860 1758 2013 1799 melius

290 1838 385 1878 sciri
418 1837 587 1891 poterit,
611 1837 665 1877 ad
696 1836 954 1889 inquirenda
983 1841 1025 1875 et
1049 1834 1248 1875 facienda
1274 1848 1334 1883 ea,
1358 1848 1471 1887 quae
1503 1834 1563 1874 eis
1595 1848 1653 1874 ex
1676 1840 1800 1886 parte
1832 1832 2014 1873 Domini

293 1912 426 1965 Regis
456 1912 497 1951 in
528 1910 775 1964 praemissis
806 1909 1145 1963 injungerentur,
1169 1916 1258 1958 ete,
1289 1915 1331 1950 et
1361 1909 1478 1962 quod
1509 1908 1689 1948 haberet
1718 1914 1822 1948 tunc
1851 1907 2014 1947 ibidem

292 1987 470 2027 nomina
489 1986 732 2039 juratorum
755 1991 797 2025 et
826 1982 1134 2037 praeceptum5
1166 1984 1203 2023 ei
1234 1984 1275 2023 in
1305 1983 1386 2023 hac
1415 1989 1539 2036 parte
1567 1983 1791 2030 directum,
1815 1987 1891 2022 etc.
1957 1981 2016 2022 Et

293 2061 551 2102 Vicecomes
574 2060 675 2099 inde
697 2058 798 2099 fecit
820 2058 1139 2107 executionem,
1163 2064 1239 2098 etc.

380 2134 550 2176 ‘Sessio
572 2138 695 2174 tenta
712 2133 828 2185 apud
853 2131 1143 2185 Notyngham
1167 2145 1314 2172 coram
1340 2131 1530 2171 Ricardo
1549 2130 1794 2183 Byngham,
1811 2130 2014 2183 Johanne

297 2208 499 2257 Plumtre,
524 2207 694 2260 Majore
715 2207 843 2247 villae
867 2206 1179 2259 Notyngham'‚
1203 2212 1246 2246 et
1269 2206 1443 2246 Thoma
1467 2205 1744 2258 Babyngton‚
1761 2204 2014 2258 Justitiariis

297 2283 477 2324 Domini
512 2282 644 2335 Regis
678 2282 732 2322 ad
766 2281 1084 2334 inquirendum,
1111 2295 1187 2334 per
1220 2286 1543 2320 sacramentum
1579 2279 1814 2332 proborum
1849 2284 1892 2319 et
1926 2278 2014 2331 leg-

297 2358 428 2398 alium
450 2357 677 2397 hominum
701 2362 791 2396 tam
810 2356 865 2396 de
886 2355 988 2396 villa
1011 2354 1313 2408 Notyngham'
1331 2367 1463 2407 quam
1487 2354 1541 2393 de
1566 2353 1789 2395 Comitatu
1814 2353 2016 2406 Notyng-

296 2432 411 2472 ham'
433 2446 508 2485 per
530 2445 638 2484 quos
671 2430 728 2470 rei
761 2430 918 2470 veritas
949 2429 1102 2469 melius
1132 2429 1227 2469 sciri
1257 2428 1427 2482 poterit,
1450 2441 1527 2481 per
1548 2441 1657 2481 quos
1690 2441 1875 2480 magnus
1907 2441 2018 2480 pons

297 2506 410 2547 ultra
432 2519 589 2558 aquam
614 2505 668 2545 de
692 2505 812 2544 Lene
841 2504 883 2543 in
909 2504 1132 2546 Comitatu
1156 2503 1380 2556 praedicto
1409 2503 1520 2543 inter
1542 2502 1689 2542 villam
1714 2501 2015 2554 Notyngham'

298 2580 546 2633 praedictae
587 2586 629 2620 et
672 2584 827 2631 pontes
869 2584 1047 2618 vocatos
1093 2577 1664 2631 “Heyeghbeythbrugge''
1706 2576 1747 2616 in
1793 2575 2016 2617 Comitatu

298 2654 532 2707 praedicto,
574 2666 650 2705 per
689 2666 820 2705 quem
863 2651 1064 2705 frequens
1106 2658 1149 2692 et
1190 2665 1424 2692 commune
1465 2650 1716 2704 passagium
1768 2650 2018 2690 hominibus

299 2727 569 2781 equestribus
599 2733 642 2767 et
671 2726 943 2779 pedestribus
973 2740 1022 2766 ac
1052 2726 1324 2775 animalibus,
1348 2726 1527 2766 carectis
1550 2732 1593 2766 et
1615 2721 1823 2778 cariagiis,
1847 2737 2017 2764 necnon

300 2801 502 2842 omnibus
525 2800 618 2840 aliis
640 2799 766 2840 rebus
795 2800 1046 2839 necessariis
1075 2806 1166 2840 tarn
1196 2802 1250 2840 ad
1274 2800 1421 2840 villam
1444 2799 1713 2852 praedictam
1736 2812 1869 2851 quam
1892 2805 2020 2839 extra

301 2876 486 2916 eandem
517 2874 741 2923 cariandis,
765 2874 806 2913 in
840 2874 931 2913 dies
967 2873 1220 2923 habebatur,
1244 2880 1286 2914 et
1319 2874 1392 2926 qui
1424 2887 1500 2926 per
1531 2873 1840 2913 'vehementem
1877 2878 1920 2913 et
1956 2872 2018 2912 in-

301 2950 473 2990 solitam
497 2947 840 2988 excreseentiam
864 2961 1073 3000 aquarum
1097 2948 1352 3001 pluvialium
1376 2947 1467 3000 jam
1491 2945 1640 2987 tarde6
1668 2946 2017 2999 contingentium

305 3023 449 3064 taliter
476 3023 653 3063 derutus
682 3027 725 3061 et
754 3020 999 3061 confractus
1029 3028 1093 3062 est
1121 3022 1238 3075 quod
1266 3021 1515 3074 passagium
1548 3020 1799 3074 hujusmodi
1827 3020 2019 3062 totaliter

368 3174 377 3187 ¹
402 3169 572 3208 vestrum]
607 3168 846 3209 inadvertently
880 3168 1032 3209 repeated
1063 3168 1096 3199 in
1227 3167 1369 3208 aliquam
1395 3167 1578 3198 libertatern
1605 3167 1639 3198 in
1663 3167 1785 3198 balliva
1809 3166 1886 3199 sua'
1902 3166 2019 3198 :that

304 3224 377 3256 MS.
1227 3222 1268 3253 he
1284 3221 1400 3252 should
1417 3226 1474 3253 not
1491 3221 1571 3253 omit
1588 3221 1632 3262 by
1648 3232 1761 3253 reason
1775 3221 1812 3253 of
1823 3232 1887 3263 any
1903 3221 2022 3262 liberty

368 3282 380 3296 ²
404 3278 519 3309 March
538 3287 588 3317 29,
613 3278 702 3317 1446.
1228 3279 1260 3309 in
1277 3278 1327 3309 his
1343 3277 1519 3309 bailiwiek.

370 3335 380 3353 ἲ
405 3332 468 3366 For
511 3332 618 3372 ‘quod
660 3342 725 3362 non
764 3331 925 3362 omitteret
965 3336 1097 3376 propter
1291 3334 1305 3353 ⁴
1328 3332 1490 3375 Tuesday,
1509 3331 1604 3375 April
1621 3330 1672 3370 26,
1696 3330 1790 3370 1446.
