2165 3835
271 398 294 435 8
537 405 755 436 RECORDs
787 406 847 436 OF
881 406 980 435 THE
1014 405 1247 437 BOROUGH
1282 406 1342 436 OF
1378 405 1723 437 NOTTINGHAM.
1860 397 1990 449 [1399

273 525 578 578 Burgensffius,
621 539 670 565 ac
711 540 860 566 eorum
913 526 1144 567 heredibus
1195 534 1238 566 et
1289 527 1618 575 successoribus,
1661 528 1778 580 quod
1823 527 1904 580 ipsi
1945 541 1991 568 se

270 607 506 652 appruare1
530 606 573 639 et
595 601 877 640 commodum
901 613 1026 640 suum
1046 599 1185 640 facere
1208 601 1375 652 possint
1393 600 1448 640 de
1469 600 1672 640 omnibus
1691 600 1989 653 purpresturis‚

270 680 360 713 tam
384 673 426 712 in
457 674 578 713 terris
602 687 733 726 quam
765 674 806 712 in
838 674 970 726 aquiS,
996 673 1118 713 factis
1149 673 1214 713 vel
1238 673 1456 722 faciendis,
1481 680 1523 714 et
1545 675 1600 714 de
1629 673 1832 713 omnibus
1857 674 1990 714 vastis

270 746 380 786 infra
413 746 571 787 limites
606 754 649 787 et
678 747 848 787 bundas
877 746 1004 786 villae
1033 747 1292 799 praedictae,
1325 748 1367 787 in
1402 747 1779 800 supportationem
1809 760 1988 787 onerum

270 819 380 860 infra
401 820 548 860 villam
573 821 841 873 praedictam
866 821 907 860 in
931 821 1023 860 dies
1046 821 1373 873 emergentium.

356 893 425 934 Ac
473 894 616 943 etiam,
659 895 776 946 quod
820 894 910 946 ipsi,
953 900 996 934 et
1038 893 1218 934 heredes
1260 908 1309 934 ac
1351 908 1619 934 successores
1661 895 1725 934 sui
1768 894 1991 947 praedicti,

270 967 461 1007 habeant
512 968 833 1020 imperpetuum
887 967 1062 1020 plenam
1118 968 1441 1016 correctionem,
1491 968 1774 1021 punitionem,
1825 974 1992 1008 auctor-

270 1041 421 1081 itatem
460 1048 503 1081 et
540 1048 804 1094 potestatem
839 1041 892 1080 ad
932 1041 1249 1093 inquirendum,
1283 1041 1548 1081 audiendum
1588 1048 1629 1081 et
1668 1041 1991 1081 terminandum

270 1128 346 1168 per
389 1115 604 1167 Majorem
642 1121 684 1155 et
724 1115 1066 1155 Recordatorem
1107 1114 1235 1154 villae
1277 1115 1525 1167 praedictae
1566 1129 1614 1155 ac
1657 1115 1764 1154 alios
1806 1121 1994 1167 quatuor

270 1188 492 1241 probiores
525 1194 568 1228 et
600 1188 826 1240 legaliores
855 1188 1054 1227 homines
1084 1188 1210 1228 villae
1242 1189 1501 1241 praedictae,
1532 1202 1607 1241 per
1636 1188 1851 1240 Majorem
1882 1188 1993 1241 ejus-

269 1262 369 1302 dem
403 1261 529 1301 villae
572 1276 649 1314 pro
690 1268 887 1314 tempore
928 1262 1191 1301 existentem
1235 1262 1470 1314 eligendos,
1508 1269 1550 1302 et
1587 1276 1855 1302 successores
1892 1275 1993 1302 suos

270 1335 603 1388 imperpetuum,
633 1348 785 1374 omnes
820 1335 1032 1382 materias
1057 1335 1263 1387 querelas,
1287 1336 1492 1384 defectus,
1516 1350 1668 1376 causas
1701 1343 1743 1376 et
1776 1336 1990 1384 articulos,

270 1410 342 1462 qui
367 1410 421 1449 ad
444 1408 635 1449 officium
659 1409 886 1461 Justitiarii
913 1409 1045 1456 Pacis,
1072 1408 1390 1448 Laboratorum
1415 1416 1457 1449 et
1481 1408 1740 1449 Artificum2
1763 1410 1992 1462 pertinent,

271 1496 319 1523 ac
357 1483 462 1522 alias
500 1496 566 1522 res
603 1495 901 1535 quascumque
939 1481 1048 1521 infra
1085 1482 1248 1522 dictam
1283 1482 1430 1522 villam
1468 1489 1511 1522 et
1548 1483 1753 1522 suburbia
1796 1483 1991 1534 ejusdem

271 1563 543 1609 emergentes
580 1556 646 1595 vel
681 1556 996 1607 contingentes
1030 1562 1072 1595 et
1108 1557 1180 1608 qui
1219 1556 1365 1609 aliquo
1400 1557 1532 1597 modo
1569 1571 1714 1597 coram
1752 1557 1994 1609 Justitiario

274 1631 406 1679 Pacis,
432 1630 751 1670 Laboratorum
785 1635 827 1668 et
860 1628 1092 1668 Artificum
1127 1629 1282 1682 inquiri
1316 1636 1521 1682 poterunt
1553 1636 1596 1670 et
1628 1630 1860 1678 terminari,
1884 1629 1995 1669 adeo

271 1704 398 1757 plene
427 1711 469 1744 et
499 1704 665 1756 integre
695 1703 805 1742 sicut
836 1703 1064 1755 Justitiarii
1101 1703 1233 1751 Pacis,
1259 1703 1578 1744 Laboratorum
1613 1710 1655 1743 et
1686 1702 1918 1743 Artificum
1952 1703 1993 1742 in

272 1778 495 1820 Comitatu
521 1777 821 1830 Notyngham'
841 1783 942 1816 ante
965 1776 1070 1816 haec
1089 1784 1288 1829 tempora
1310 1777 1555 1818 habuerunt
1573 1777 1639 1817 vel
1658 1783 1994 1826 exce1·cuerunt;

271 1852 436 1905 absque
465 1865 527 1900 eo,
550 1851 667 1904 quod
697 1850 925 1902 Justitiarii
952 1850 1084 1899 Pacis,
1111 1851 1429 1891 Laboratorum
1458 1858 1500 1892 et
1524 1851 1755 1891 Artificum
1788 1851 1922 1890 nostri
1952 1857 1995 1891 et

272 1925 481 1965 heredum
511 1931 769 1972 nostrorum,
794 1924 834 1963 in
861 1924 1085 1965 Comitatu
1116 1925 1340 1976 praedicto
1369 1939 1414 1965 se
1438 1926 1722 1978 imposterum
1753 1924 1998 1977 aliqualiter

272 2000 567 2040 intromittant
599 1998 653 2038 de
685 1997 901 2050 aliquibus
934 1997 1072 2045 rebus,
1105 1998 1256 2046 causis,
1288 1998 1484 2051 querelis,
1518 1999 1719 2045 materiis,
1753 1997 1994 2037 defectibus

271 2087 345 2113 seu
369 2073 462 2113 aliis
491 2072 681 2113 articulis
704 2072 1052 2124 quibuscumque
1075 2072 1129 2110 ad
1158 2072 1423 2124 Justitiarios
1449 2073 1582 2121 Pacis,
1609 2072 1928 2112 Laboratorum
1952 2078 1995 2111 et

272 2146 506 2187 Artificum
549 2145 848 2199 spectantibus
890 2145 978 2184 sive
1021 2145 1348 2197 pertinentibus,
1387 2144 1495 2185 infra
1537 2145 1684 2185 villam
1727 2145 1995 2197 praedictam

273 2228 316 2261 et
352 2220 558 2260 suburbia
600 2220 795 2272 ejusdem
834 2233 890 2259 ex
928 2232 1204 2271 quacumque
1241 2232 1371 2258 causa
1408 2219 1731 2271 emergentibus
1769 2219 1858 2259 sive
1895 2231 1996 2258 con-

273 2295 563 2347 tingentibus:
608 2295 667 2334 ita
701 2293 818 2346 quod
857 2292 1065 2345 praedicti
1112 2292 1255 2344 Major
1296 2299 1338 2332 et
1382 2293 1654 2332 Recordator
1695 2306 1744 2332 ac
1786 2291 1996 2345 praedicti

274 2375 461 2422 quatuor
492 2368 714 2421 probiores
744 2373 786 2406 et
816 2366 1041 2419 legaliores
1071 2365 1269 2405 homines
1299 2366 1495 2418 ejusdem
1519 2366 1656 2414 villae,
1681 2366 1752 2418 qui
1784 2379 1862 2418 pro
1888 2372 1996 2405 tem-

274 2455 378 2495 pore
420 2441 588 2489 fuerint,
631 2442 685 2481 ad
729 2439 1139 2480 determinationem
1189 2439 1370 2492 alicujus
1413 2440 1598 2480 feloniae
1644 2440 1809 2492 absque
1851 2439 1997 2492 aliquo

274 2515 449 2569 speciali
483 2515 693 2555 mandato
727 2520 875 2554 nostro
908 2512 975 2553 vel
1010 2512 1218 2552 heredum
1254 2520 1500 2553 nostrorum
1533 2527 1710 2566 quoquo
1743 2513 1876 2553 modo
1909 2525 1996 2552 non

275 2590 534 2643 procedant:
566 2595 609 2628 et
631 2588 748 2640 quod
779 2587 988 2640 praedicti
1021 2586 1174 2638 Major,
1200 2586 1353 2625 Ballivi
1383 2593 1426 2626 et
1457 2587 1711 2639 Burgenses,
1735 2599 1784 2625 ac
1816 2586 1997 2625 heredes

276 2670 319 2704 et
355 2675 623 2703 successores
661 2661 724 2700 sui
763 2661 1096 2712 imperpetuum,
1134 2659 1326 2700 habeant
1367 2673 1520 2700 omnes
1558 2659 1664 2700 fines
1706 2666 1749 2700 et
1791 2659 1997 2699 amercia-

278 2744 436 2785 menta‚
473 2736 619 2776 exitus
660 2741 703 2774 et
740 2733 933 2787 proficua
974 2733 1029 2772 de
1070 2733 1223 2772 eadem
1263 2732 1497 2785 justitiaria
1538 2733 1847 2785 provenientia,
1885 2732 1996 2772 adeo

277 2811 444 2863 integre
481 2810 591 2849 sicut
623 2808 777 2860 Major,
812 2807 964 2847 Ballivi
997 2813 1040 2846 et
1079 2806 1322 2859 Burgenses
1355 2806 1482 2846 villae
1513 2807 1567 2846 de
1602 2807 1819 2848 Coventre
1850 2805 1997 2858 hujus-

279 2883 435 2937 [modi]
474 2883 591 2931 fines,
629 2881 978 2929 amerciamenta‚
1016 2880 1162 2920 exitus
1203 2886 1246 2920 et
1287 2879 1480 2932 proficua
1521 2886 1622 2920 ante
1663 2886 1839 2920 sextum
1881 2880 1997 2919 diem

279 2958 455 3011 Aprilis,
478 2969 594 2996 anno
623 2955 742 3007 regni
773 2953 982 3006 praedicti
1014 2953 1189 2993 Ricardi
1222 2966 1360 3005 nuper
1393 2953 1526 3005 Regis
1557 2953 1764 2992 vicesimo
1795 2953 1998 3001 secundo,

281 3032 438 3072 virtute
469 3036 685 3069 cartarum
721 3028 892 3080 Regum
916 3027 1107 3079 Angliae
1136 3027 1196 3066 eis
1225 3027 1326 3066 inde
1355 3025 1650 3066 confectarum
1680 3032 1722 3066 et
1752 3039 1827 3078 per
1856 3026 1997 3078 ipsum

281 3118 418 3158 nuper
442 3105 609 3156 Regem
633 3101 987 3141 confirmatarum
1010 3100 1302 3152 optinuerunt.

369 3178 428 3218 Et
463 3177 648 3229 insuper,
682 3175 800 3228 quod
838 3174 1205 3227 quandocumque
1247 3173 1392 3226 aliqua
1432 3173 1634 3214 arraiatio
1674 3173 1901 3213 hominum
1944 3173 1999 3212 ad

283 3265 413 3300 arma,
442 3249 670 3290 hominum
703 3254 981 3296 armatorum,
1011 3246 1342 3295 hobelariorum,
1376 3253 1451 3287 aut
1481 3247 1804 3299 sagittariorum
1839 3246 1910 3286 fiet
1943 3260 1998 3285 ex

283 3338 396 3364 nunc
426 3324 466 3362 in
498 3323 614 3363 dicta
643 3321 743 3361 villa
773 3322 826 3361 de
858 3320 1145 3373 Notyngham
1177 3320 1334 3359 virtute
1363 3320 1680 3360 commissionis
1713 3334 1787 3360 seu
1817 3320 1998 3359 aliorum
