2165 3835
313 371 391 420 308
575 377 793 410 REcoRDs
825 378 886 409 OF
918 377 1018 408 THE
1052 376 1286 408 BOROUGH
1319 376 1380 407 OF
1413 375 1760 407 NOTTINGHAM.
1897 367 2028 421 [1480

400 501 450 541 In
480 501 602 555 cujus
631 501 689 542 rei
719 501 1018 543 testimonium
1048 500 1146 540 huie
1176 499 1393 553 praesenti
1423 505 1689 540 testamento
1719 512 1816 539 meo
1839 498 2027 552 sigillum

314 588 458 616 meum
482 576 675 629 apposui.
742 576 839 616 Hiis
861 575 1064 617 testibus:
1097 574 1312 627 Magistro
1333 573 1556 614 Willelmo
1579 573 1691 623 Gun,
1714 573 1757 613 in
1786 573 2030 626 Theologia

312 650 514 700 Doctore,
550 650 738 691 Ricardo
771 651 884 703 Ody,
917 649 1119 703 Johanne
1151 649 1265 701 Ody,
1292 647 1515 688 Willelmo
1549 647 1784 700 Bitheway,
1808 647 2029 688 Willelmo

313 724 484 773 Sutton,
508 730 550 765 et
574 724 720 766 multis
743 724 844 764 aliis.
910 724 1076 764 Datum
1100 723 1169 763 die
1191 728 1233 763 et
1257 735 1372 762 anno
1395 735 1524 775 supra
1546 722 1682 763 dictis.
1906 730 2027 772 4513.

316 913 762 956 CXXVII.-Grant
781 913 830 965 by
849 912 974 953 Ellen
1001 912 1107 953 Gall
1124 919 1162 952 to
1184 911 1250 952 llce
1270 911 1531 964 Reparation
1553 912 1606 963 of
1624 911 1835 952 Hetlcbetlc
1856 911 2028 964 Bridge.

927 1005 1119 1054 1479—80,
1145 1003 1367 1054 February
1391 1004 1424 1041 8.

399 1112 550 1155 Sciant
582 1117 832 1165 praesentes
864 1117 906 1151 et
929 1109 1070 1157 futuri,
1094 1110 1211 1162 quod
1245 1122 1326 1162 ego
1361 1108 1499 1149 Elena
1532 1108 1644 1157 Gull,
1668 1121 1787 1149 soror
1820 1108 2029 1149 Willelmi

312 1187 423 1236 Gull,
462 1186 613 1235 elerici,
651 1186 762 1234 dedi,
800 1185 1003 1233 concessi,
1042 1190 1084 1224 et
1120 1184 1201 1224 hac
1238 1182 1454 1236 praesenti
1492 1188 1611 1223 carta
1646 1195 1742 1223 mea
1779 1182 2032 1223 confirmavi

314 1261 507 1302 Roberto
532 1260 758 1314 Inglisshe,
778 1259 1016 1308 mercatori,
1035 1258 1257 1298 &Villelmo
1283 1258 1458 1310 Hegyn,
1479 1256 1673 1298 Roberto
1695 1257 1817 1306 Yole,
1839 1257 2033 1299 Roberto

311 1335 475 1385 Truluf,
509 1335 746 1388 capellano,
772 1334 962 1386 Johanni
997 1333 1111 1385 Ody,
1134 1339 1177 1373 et
1208 1331 1432 1372 Willelmo
1464 1330 1692 1384 Bitheway
1724 1344 1858 1371 unum
1893 1344 2033 1372 mesu-

312 1411 458 1463 agium
482 1416 524 1450 et
547 1422 681 1449 unum
705 1408 947 1461 gardinum,
971 1420 1069 1447 cum
1097 1406 1183 1446 suis
1207 1405 1489 1459 pertinentiis,
1513 1405 1554 1444 in
1580 1405 1882 1458 Notyngham,
1905 1412 2034 1459 prout

311 1485 438 1525 simul
470 1484 617 1537 jacent
652 1483 762 1523 inter
799 1481 1047 1522 Rectoriam
1088 1480 1310 1521 Ecclesiae
1346 1480 1468 1520 Beati
1506 1480 1619 1521 Petri
1654 1480 1940 1533 Notingham’
1975 1494 2033 1521 ex

312 1566 434 1612 parte
468 1558 676 1607 orientali,
712 1564 753 1598 et
788 1564 946 1598 terram
982 1555 1230 1608 hered[um]
1266 1554 1473 1595 willelmi
1510 1554 1786 1607 Babyngton‚
1822 1554 2034 1608 armigeri,

316 1634 519 1687 HugOnis
554 1631 843 1680 Manchestre,
874 1638 915 1671 et
949 1630 1149 1670 Thomae
1182 1629 1420 1677 Thurland,
1449 1628 1659 1681 armigeri,
1682 1642 1738 1668 ex
1768 1635 1891 1682 parte
1924 1629 2034 1669 ocei-

312 1708 486 1756 dentali,
520 1713 562 1747 et
600 1706 846 1746 extendunt
880 1718 925 1745 se
962 1705 1003 1744 in
1038 1704 1269 1745 latitudine
1307 1717 1331 1743 a
1362 1703 1430 1744 via
1460 1703 1599 1755 regia¹
1635 1716 1692 1743 ex
1727 1710 1850 1756 parte
1883 1704 2034 1745 boriali

314 1795 449 1835 usque
472 1788 630 1822 terram
654 1779 864 1833 praedicti
888 1779 1087 1819 Thomae
1111 1778 1338 1818 Thurland
1370 1791 1426 1817 ex
1450 1784 1573 1830 parte
1603 1777 1799 1818 australi:
1832 1778 2035 1820 habenda

313 1864 354 1897 et
384 1857 574 1897 tenenda
607 1855 829 1909 praedicta
859 1854 1130 1907 mesuagium
1164 1860 1205 1893 et
1235 1853 1477 1905 gardinum,
1508 1866 1605 1893 cum
1637 1853 1723 1893 suis
1753 1853 2034 1906 pertinentiis,

313 1931 517 1985 praefatis
553 1931 758 1978 Roberto,
781 1928 1015 1977 willelmo,
1041 1928 1246 1977 Roberto,
1273 1927 1477 1977 Roberto,
1506 1927 1707 1980 Johanni,
1738 1934 1781 1968 et
1812 1927 2035 1968 Willelmo

316 2006 552 2058 Bitheway,
586 2003 816 2044 heredibus
849 2009 891 2043 et
924 2002 1154 2055 assignatis
1187 2002 1284 2051 suis,
1319 2002 1373 2042 de
1406 2002 1663 2055 capitalibus
1698 2002 1886 2042 dominis
1920 2002 2034 2043 feodi

313 2080 425 2120 illius
458 2092 533 2133 per
565 2078 737 2119 servitia
770 2078 870 2118 inde
893 2077 1041 2118 debita
1073 2082 1115 2117 et
1137 2077 1191 2117 de
1214 2077 1308 2129 jure
1338 2083 1557 2126 consueta,
1581 2077 1912 2130 imperpetuum.
1978 2078 2035 2118 Et

314 2167 396 2208 ego
427 2167 529 2194 vero
559 2152 781 2206 praedicta
812 2151 952 2191 Elena
981 2150 1093 2200 Gull,
1117 2157 1159 2191 et
1188 2150 1368 2191 heredes
1399 2151 1494 2200 mei,
1517 2151 1740 2204 praedicta
1762 2151 2033 2205 mesuagium

314 2236 357 2270 et
401 2228 644 2282 gardinum,
687 2240 785 2267 cum
837 2226 924 2266 suis
976 2225 1259 2279 pertinentiis,
1301 2224 1506 2278 praefatis
1560 2224 1755 2266 Roberto
1808 2225 2034 2279 Inglisshe,

313 2303 537 2344 Willelmo
576 2302 751 2354 Hegyn‚
788 2300 983 2341 Roberto
1019 2299 1142 2349 Vole,
1183 2299 1378 2340 Roberto
1413 2298 1578 2349 Truluf,
1614 2299 1805 2353 Johanni
1844 2301 1957 2354 Ody,
1992 2307 2036 2341 et

315 2377 537 2419 Willelmo
561 2377 797 2429 Bstheway,
820 2374 1051 2416 heredibus
1074 2381 1117 2416 et
1146 2375 1376 2428 assignatis
1400 2374 1496 2423 suis,
1521 2381 1672 2415 contra
1700 2388 1853 2416 omnes
1882 2381 2034 2429 gentes

315 2451 693 2493 warantizabimus
716 2456 758 2491 et
781 2450 1102 2503 imperpetuum
1126 2448 1420 2490 defendemus.

404 2527 453 2567 In
493 2526 614 2579 cujus
657 2525 715 2565 rei
757 2524 1056 2565 testimonium
1100 2523 1197 2564 huic
1235 2523 1451 2576 praesenti
1494 2530 1637 2565 cartae
1680 2536 1803 2564 meae
1843 2523 2033 2577 sigillum

316 2614 461 2642 meum
497 2600 689 2654 apposui.
757 2599 854 2638 Hiis
888 2598 1091 2638 testibus:
1137 2598 1355 2639 Edwardo
1395 2598 1532 2647 Hunt,
1567 2605 1669 2638 tunc
1705 2597 1875 2651 Majore
1909 2597 2036 2638 villae

317 2674 613 2728 Notingham’‚
636 2673 837 2727 Johanne
861 2672 1000 2721 Clerk,
1021 2672 1201 2725 juniore,
1225 2679 1267 2712 et
1295 2672 1496 2725 Johanne
1519 2672 1668 2722 Alred‚
1691 2672 2034 2722 Vicecomitibus

316 2750 511 2803 ejusdem
554 2748 689 2797 villae,
732 2747 932 2800 Johanne
979 2747 1114 2795 Hunt,
1148 2747 1349 2800 Johanne
1391 2747 1624 2799 Mapurley
1664 2753 1707 2788 et
1741 2746 1887 2787 multis
1930 2746 2032 2787 aliis.

318 2825 484 2866 Datum
528 2824 643 2877 apud
687 2822 976 2875 Notyngham
1019 2822 1299 2874 praedictam,
1336 2827 1491 2862 octavo
1532 2821 1602 2861 die
1646 2820 1878 2870 Februarii,
1918 2834 2033 2861 anno

318 2899 438 2952 regni
463 2898 596 2951 Regis
622 2897 824 2937 Edwardi
849 2895 1003 2949 Quarti
1028 2901 1125 2948 post
1150 2896 1478 2948 Conquaestum
1501 2895 1671 2936 decimo
1694 2903 1842 2935 non0.2

404 2970 684 3025 [Endorseds]
717 2970 813 3009 The
845 2975 995 3010 entent
1027 2969 1076 3009 of
1101 2969 1175 3009 the
1208 2967 1458 3010 feoffement
1492 2970 1620 3009 made
1650 2969 1710 3022 by
1738 2969 1824 3010 this
1856 2969 1967 3010 dede
1998 2969 2033 3009 is

317 3047 413 3088 that
434 3046 509 3087 the
531 3044 681 3085 feoffes
704 3044 868 3096 namyd
891 3044 933 3083 in
956 3044 1031 3084 the
1057 3043 1176 3085 saide
1198 3044 1319 3093 dede,
1344 3044 1429 3084 and
1452 3043 1563 3084 their
1584 3043 1748 3096 heyres,
1772 3044 1857 3084 and
1881 3042 2034 3084 ichon3

317 3121 367 3162 of
392 3120 555 3174 theym,
584 3117 713 3159 suffre
742 3118 816 3159 the
844 3117 993 3158 within
1026 3118 1190 3171 namyd
1224 3118 1405 3158 Maister
1436 3117 1628 3157 William
1662 3117 1762 3158 Gull
1796 3117 1881 3158 and
1916 3117 2030 3170 Elyn

384 3239 392 3252 ¹
418 3236 546 3276 Pepper
558 3235 663 3267 street
675 3233 721 3272 (S.
734 3232 995 3265 Peter’sChurch
1005 3233 1107 3271 Side).
1242 3233 1306 3264 and
1324 3232 1405 3263 from
1428 3232 1574 3263 William
1592 3232 1681 3270 Gull,
1700 3232 1798 3263 dated
1816 3231 1961 3264 October
1977 3239 2028 3269 20,

382 3294 394 3307 ²
418 3291 480 3323 See
497 3291 551 3322 the
569 3290 705 3321 releases
722 3289 803 3320 from
817 3289 911 3320 Alice
929 3288 1112 3328 Lyversege
1246 3293 1337 3327 1479,
1367 3287 1436 3318 that
1467 3296 1564 3318 occur
1594 3287 1627 3317 in
1657 3286 1722 3317 this
1753 3286 1881 3318 volume
1913 3286 1945 3317 in
1977 3286 2032 3318 the

319 3345 383 3376 and
400 3345 457 3376 her
475 3355 533 3376 son
554 3344 709 3382 Thomas,
730 3344 827 3375 dated
845 3344 925 3386 May
946 3352 992 3382 14,
1018 3349 1108 3384 1479,
1243 3341 1408 3375 calendar
1423 3341 1459 3375 of
1479 3341 1644 3381 Charters,
1663 3346 1724 3374 ete.
