2165 3835
807 720 1150 768 RECORDS
1213 719 1307 766 OF
1369 718 1526 764 THE

608 845 971 893 BOROUGH
1038 844 1132 891 OF
1199 841 1734 890 NOTTINGHAM.

792 1163 1070 1206 1.—Clmrter
1089 1164 1143 1214 of
1153 1162 1204 1202 K
1205 1162 1282 1215 ing
1300 1161 1451 1213 Henry
1473 1161 1502 1200 J
1512 1161 1554 1201 V.

941 1264 1056 1304 1399,
1081 1252 1331 1293 November
1360 1253 1416 1291 18.

401 1364 673 1411 HENRICUS‚
713 1362 795 1403 Dei
837 1362 987 1415 gratia,
1027 1362 1127 1401 Rex
1164 1360 1355 1413 Angliae
1396 1366 1439 1400 et
1478 1359 1695 1407 Franciae,
1733 1366 1774 1399 et
1814 1359 2031 1399 Dominus

316 1437 564 1486 Hiberniae,
614 1435 960 1489 archiepiscopis,
1009 1434 1234 1487 episcopis
1284 1433 1526 1482 abbatibus,
1570 1433 1793 1486 prioribus,
1839 1433 2032 1481 ducibus,

312 1511 555 1559 comitibus,
588 1509 834 1557 baronibus,
864 1508 1117 1561 justitiariis,
1147 1507 1486 1555 vicecomitibus,
1517 1506 1784 1559 praepositis,
1816 1506 2033 1555 ministris,

313 1593 356 1626 et
387 1585 590 1625 omnibus
624 1583 793 1624 ballivis
825 1588 868 1622 et
898 1581 1097 1622 fidelibus
1131 1581 1229 1629 suis,
1259 1580 1455 1620 salutem.
1520 1579 1840 1632 [I]nspeximus
1870 1579 2034 1619 litteras

313 1665 514 1712 patentes
550 1657 730 1697 Domini
767 1656 953 1704 Ricardi,
987 1668 1124 1707 nuper
1160 1654 1293 1706 Regis
1328 1653 1529 1706 Angliae,
1564 1653 1753 1694 Secundi
1788 1660 1887 1706 post
1921 1654 2034 1695 Con-

314 1739 555 1786 quaestum,
580 1731 716 1770 factas
746 1730 787 1769 in
821 1730 927 1769 haec
956 1729 1108 1769 verba:
1141 1728 1388 1775 ‘Ricardus
1424 1727 1506 1767 Dei
1536 1726 1698 1779 gratia‚'
1732 1726 1828 1779 [etc.,
1859 1727 2040 1780 recz‘tz'ng

319 1807 501 1849 chartea*
530 1805 585 1856 of
607 1803 808 1843 Rz'clmrd
835 1803 907 1852 ll„
955 1802 1037 1843 Vol.
1073 1802 1118 1851 I.,
1154 1802 1233 1841 A'o.
1274 1800 1420 1853 CVJ.].
1485 1801 1579 1840 Nos
1614 1806 1772 1849 autem,
1806 1815 1959 1841 omnes
1993 1807 2036 1841 et

315 1879 507 1932 singulas
537 1877 849 1925 concessiones
873 1875 1225 1916 confirmationes
1255 1882 1298 1915 et
1328 1874 1622 1914 restitutiones
1651 1874 1894 1927 praedictas
1921 1881 2036 1915 ratas

315 1953 527 1993 habentes
561 1958 603 1991 et
632 1957 788 2003 gratas,
822 1964 905 1998 eas,
938 1963 1016 2002 pro
1050 1949 1175 1989 nobis
1210 1955 1252 1988 et
1286 1948 1516 1988 heredibus
1551 1948 1718 1997 nostris,
1751 1954 1963 1999 quantum
1994 1948 2036 1988 in

317 2026 442 2066 nobis
483 2032 559 2074 est,
602 2031 892 2076 acceptamus
936 2023 1241 2075 approbamus
1285 2021 1560 2070 ratificamus,
1603 2035 1652 2061 ac
1693 2021 1860 2062 dilectis
1912 2021 2037 2062 nobis

320 2100 614 2153 Burgensibus
644 2098 771 2138 villae
800 2097 1059 2150 praedictae,
1090 2096 1321 2136 heredibus
1356 2102 1398 2136 ct
1430 2095 1748 2136 successoribus
1781 2096 1877 2145 suis,
1903 2096 2038 2149 Burg-

318 2174 494 2214 ensibus
541 2173 737 2226 ejusdem
783 2171 921 2219 villae,
964 2171 1245 2210 concedimus
1291 2176 1334 2210 et
1380 2169 1700 2218 confirmamus,
1737 2170 1847 2210 sicut
1893 2176 2038 2210 cartae

319 2247 568 2300 praedictae
591 2245 905 2286 rationabiliter
927 2251 1152 2284 testantur.

409 2321 645 2367 Praeterea,
669 2318 865 2358 volentes
887 2317 1051 2357 eisdem
1077 2317 1371 2369 Burgensibus
1401 2317 1586 2369 gratiam
1610 2317 1749 2357 facere
1771 2318 2038 2371 ampliorem,

320 2395 374 2434 de
395 2394 536 2447 gratia
564 2399 713 2433 nostra
741 2391 927 2444 speciali,
951 2391 1255 2439 concessimus,
1278 2404 1356 2443 pro
1386 2391 1511 2430 nobis
1541 2397 1583 2431 et
1614 2390 1844 2432 heredibus
1870 2393 2038 2441 nostris,

321 2474 534 2521 quantum
567 2467 609 2506 in
643 2465 768 2505 nobis
801 2471 875 2513 est,
899 2464 1062 2504 eisdem
1095 2464 1399 2516 BurgensibuS,
1423 2465 1552 2516 quod,
1583 2464 1681 2505 licet
1711 2465 1790 2517 ipsi
1819 2465 1886 2505 vel
1919 2473 2039 2507 ante-

321 2555 511 2582 cessores
534 2540 597 2580 sui
621 2539 767 2592 aliqua
787 2538 853 2578 vel
877 2537 1093 2590 aliquibus
1123 2537 1372 2577 libertatum
1396 2537 1461 2577 vel
1485 2538 1823 2590 quietantiarum
1846 2539 1888 2578 in
1912 2540 2040 2580 cartis

321 2614 553 2668 praedictis
583 2618 899 2660 contentarum,
923 2611 1069 2663 aliquo
1098 2624 1199 2650 casu
1229 2618 1489 2664 emergente,
1512 2611 1640 2663 plene
1668 2612 1731 2651 usi
1761 2626 1846 2652 non
1871 2612 2040 2663 fuerint,

323 2689 403 2741 ipsi
426 2694 585 2735 tamen,
608 2693 651 2726 et
673 2699 822 2726 eorum
846 2685 1027 2725 heredes
1057 2691 1099 2725 et
1122 2698 1400 2734 successores
1425 2685 1695 2726 libertatibus
1724 2693 1767 2726 et
1789 2687 2040 2739 quietantiis

323 2760 566 2814 praedictis
601 2766 643 2800 et
676 2773 824 2799 earum
857 2759 1062 2811 qualibet,
1097 2759 1151 2798 de
1185 2765 1328 2798 cetero
1362 2758 1489 2811 plene
1522 2760 1743 2811 gaudeant
1776 2767 1819 2800 et
1852 2767 2040 2810 utantur,

323 2836 415 2875 sine
444 2833 672 2874 occasione
699 2832 767 2872 vel
796 2833 1113 2885 impedimento
1142 2832 1276 2872 nostri
1306 2831 1372 2871 vel
1401 2831 1610 2872 heredum
1640 2839 1896 2882 nostrorum,
1916 2834 2040 2886 justi-

325 2909 559 2956 tiariorum,
582 2912 864 2954 escaetorum,
888 2905 1204 2954 vicecomitum,
1229 2919 1278 2945 ac
1304 2905 1486 2945 aliorum
1519 2905 1776 2946 ballivorum
1804 2913 1846 2947 et
1873 2907 2040 2947 minist—

325 2994 470 3022 rorum
493 2987 740 3020 nostrorum
764 2985 806 3019 et
828 2979 1037 3018 heredum
1061 2985 1308 3019 nostrorum
1331 2992 1714 3032 quorumcumque.

414 3054 507 3094 Nos
544 3053 728 3105 insuper,
764 3051 960 3092 volentes
996 3065 1111 3091 nunc
1153 3052 1369 3104 Majorem
1406 3058 1449 3092 et
1486 3052 1674 3092 Ballivos
1711 3067 1760 3093 ac
1798 3054 2042 3107 Burgenses

326 3128 453 3169 villae
490 3126 749 3179 praedictae,
784 3138 953 3165 necnon
991 3138 1140 3165 eorum
1175 3125 1355 3165 heredes
1389 3131 1431 3165 et
1465 3138 1742 3175 successores,
1777 3127 1863 3166 suis
1899 3127 2042 3168 multi-

328 3202 469 3242 modis
501 3199 779 3252 exigentibus
812 3198 986 3247 meritis,
1009 3197 1156 3238 favore
1187 3198 1389 3251 prosequi
1421 3198 1616 3247 uberiori,
1639 3199 1694 3238 de
1724 3200 1864 3252 gratia
1895 3206 2043 3240 nostra

328 3274 514 3328 speciali,
544 3287 601 3313 ex
634 3278 751 3312 certa
784 3272 965 3312 scientia
995 3278 1154 3320 nostra,
1187 3277 1230 3311 et
1261 3271 1316 3311 de
1347 3284 1525 3311 assensu
1559 3271 1737 3312 Consilii
1766 3273 1912 3322 nostri,
1941 3286 2042 3313 con-

329 3348 546 3394 cessimus,
569 3360 647 3400 pro
669 3345 794 3385 nobis
823 3352 866 3385 et
894 3345 1126 3385 heredibus
1149 3345 1316 3393 nostris,
1340 3351 1382 3385 et
1411 3344 1491 3385 hac
1518 3351 1636 3385 carta
1664 3351 1812 3387 nostra
1840 3345 2040 3387 confirm-
