2165 3835
258 400 309 448 78
522 404 739 436 RECORDS
772 403 832 435 OF
865 404 963 434 THE
998 403 1233 435 BOROUGH
1266 403 1326 434 OF
1361 399 1709 433 NOTTINGHAM.
1845 389 1968 443 [1411

345 529 456 568 Item
499 527 556 567 do
601 534 642 567 et
691 526 884 566 concedo
925 525 1091 578 Agneti
1137 525 1264 565 uxori
1308 537 1430 564 meae
1472 521 1659 575 capitale
1702 521 1974 574 mesuagium

257 615 402 641 meum
436 601 644 641 situatum
683 600 723 639 in
762 599 800 639 le
839 599 1089 651 Castelgate
1125 613 1255 651 supra
1292 598 1329 638 le
1369 596 1545 644 Rowell,
1578 609 1677 635 cum
1711 595 1849 636 tribus
1883 595 1976 636 aliis

256 675 517 715 tenementis
546 674 708 714 ibidem
738 673 856 713 dicto
885 672 1059 725 capitali
1090 672 1314 725 mesuagio
1347 670 1532 711 annexis
1562 676 1605 710 et
1634 669 1762 709 simul
1794 669 1976 719 situatis,

257 754 385 800 prout
421 747 569 800 jacent
614 747 725 787 inter
770 753 1071 787 tenementum
1111 746 1267 786 Prioris
1309 746 1363 785 de
1405 745 1534 784 Novo
1579 744 1699 784 Loco
1747 756 1804 783 ex
1853 749 1977 795 parte

256 821 464 870 orientali,
488 827 530 861 et
560 827 858 861 tenementum
890 820 931 859 in
955 833 1042 872 quo
1069 819 1294 872 Johannes
1324 818 1574 870 Tuttebury
1596 831 1710 857 nunc
1741 823 1890 857 manet
1918 830 1976 857 ex

257 901 378 946 parte
412 894 681 943 occidentali,
717 908 815 934 cum
850 894 1053 934 omnibus
1090 893 1362 946 pertinentiis
1399 891 1496 940 suis,
1532 897 1574 931 et
1609 891 1814 931 abbuttat
1847 903 1977 943 super

256 967 369 1007 viam
408 974 606 1007 vocatam
646 968 963 1020 ‘Houndgate'
1006 981 1103 1006 cum
1142 967 1311 1019 magnis
1353 966 1489 1019 portis
1527 965 1687 1005 ibidem
1732 964 1976 1017 aperiendis

256 1055 402 1080 versus
444 1041 621 1087 boriam,
659 1055 758 1081 curn
801 1040 1004 1080 omnibus
1046 1040 1252 1081 aedificiis
1295 1040 1456 1080 ibidem
1500 1038 1759 1079 constructis
1802 1045 1845 1078 et
1882 1051 1970 1091 per-

256 1115 448 1155 tinentiis
471 1115 567 1163 suis‚
592 1128 689 1154 cum
714 1114 806 1154 aliis
836 1121 1003 1167 septem
1028 1114 1209 1167 cotagiis
1239 1113 1400 1153 ibidem
1425 1112 1551 1152 simul
1576 1112 1835 1152 constructis
1858 1112 1976 1152 dicto

256 1189 429 1241 capitali
473 1188 696 1240 mesuagio
739 1189 923 1227 annexis
969 1195 1011 1228 et
1053 1188 1233 1236 situatis
1277 1194 1404 1240 prout
1447 1187 1663 1226 situantur
1705 1185 1816 1226 inter
1857 1192 1976 1226 tene-

257 1268 451 1302 mentum
503 1261 716 1314 Johannis
759 1262 935 1309 Samon,
979 1262 1032 1301 de
1086 1261 1370 1314 Notingham,
1413 1275 1469 1301 ex
1516 1267 1640 1313 parte
1681 1260 1890 1309 orientali,
1934 1267 1976 1301 et

255 1336 427 1387 cotagia
455 1335 635 1375 walteri
668 1335 803 1387 Stacy
832 1348 888 1374 ex
918 1342 1040 1388 parte
1069 1335 1348 1375 occidentali:
1380 1334 1632 1374 habendum
1663 1341 1706 1374 et
1735 1334 1975 1374 tenendum

256 1409 525 1462 praedictum
563 1408 748 1462 capitale
786 1409 1069 1461 mesuagium,
1105 1409 1186 1449 tria
1223 1415 1475 1449 tenementa
1508 1416 1551 1449 et
1585 1415 1753 1461 septem
1792 1408 1976 1460 cotagia,

255 1496 352 1522 curn
385 1483 587 1522 omnibus
619 1489 661 1522 et
698 1482 877 1534 singulis
914 1482 1185 1534 pertinentiis
1223 1483 1320 1531 suis,
1359 1483 1607 1536 praedictae
1643 1481 1810 1534 Agneti
1848 1482 1975 1522 uxori

255 1570 377 1596 meae
411 1557 464 1596 ad
499 1562 638 1596 totam
673 1556 807 1596 vitam
847 1555 979 1608 ipsius
1014 1555 1214 1608 Agnetis,
1250 1564 1378 1609 prout
1416 1557 1457 1596 in
1493 1557 1684 1609 quadam
1722 1562 1840 1596 carta
1879 1569 1975 1596 mea

255 1629 521 1670 feoffamenti
545 1630 687 1669 dictae
717 1629 881 1681 Agneti
913 1630 966 1669 ad
997 1630 1231 1670 terminum
1262 1631 1376 1671 vitae
1405 1644 1509 1670 suae
1539 1630 1639 1670 inde
1662 1629 1776 1670 facta
1805 1629 1975 1682 plenius

254 1704 518 1752 continetur;
560 1710 603 1743 et
639 1709 737 1755 post
775 1703 1000 1743 decessum
1044 1704 1292 1755 praedictae
1324 1704 1524 1757 Agnetis,
1562 1703 1662 1744 volo
1698 1705 1815 1757 quod
1853 1718 1974 1758 prae-

254 1777 418 1817 dictum
451 1776 637 1829 capitale
669 1776 952 1828 mesuagium,
983 1777 1065 1816 tria
1095 1784 1356 1827 tenementa,
1390 1785 1433 1818 et
1465 1784 1634 1831 septem
1668 1779 1851 1830 cotagia,
1875 1792 1973 1819 cum

253 1850 454 1890 omnibus
490 1850 760 1903 pertinentiis
798 1850 895 1898 suis,
932 1850 1098 1903 integre
1135 1859 1390 1892 remaneant
1430 1852 1625 1892 Roberto
1664 1852 1837 1905 Squyer
1873 1866 1975 1892 con-

253 1925 492 1977 sanguineo
544 1937 652 1972 meo,
694 1930 736 1963 et
783 1923 1013 1964 heredibus
1056 1925 1110 1964 de
1156 1939 1336 1978 corpore
1378 1925 1510 1978 ipsius
1558 1925 1738 1965 Roberti
1782 1925 1975 1979 legitime

253 1998 524 2046 exeuntibus,
568 1999 621 2037 de
663 1997 920 2050 capitalibus
963 1998 1151 2038 dominis
1194 1998 1420 2039 feodorum
1471 1999 1641 2039 illorum
1684 2013 1760 2052 per
1801 2000 1975 2041 servitia

253 2072 352 2112 inde
374 2072 522 2112 debita
544 2078 586 2112 et
608 2072 662 2111 de
681 2071 775 2124 jure
798 2078 1016 2120 consueta,
1041 2072 1372 2125 imperpetuum.

341 2147 452 2186 Item
475 2146 532 2185 do
564 2152 606 2185 et
637 2145 734 2197 lego
763 2145 903 2185 eidem
938 2145 1133 2186 Roberto
1164 2146 1346 2199 Squer
1367 2148 1454 2187 duo
1484 2154 1736 2188 tenementa
1766 2155 1808 2189 et
1837 2162 1972 2189 unum

252 2220 493 2272 gardinum,
526 2232 623 2259 cum
657 2219 859 2259 omnibus
892 2220 1165 2271 pertinentiis
1198 2220 1294 2269 suis,
1329 2221 1369 2260 in
1405 2221 1813 2274 XVhelwryghtgate
1845 2223 1973 2263 simul

248 2293 438 2345 jacentia
460 2293 570 2333 inter
592 2300 843 2333 tenementa
870 2293 1047 2332 Henrici
1067 2293 1252 2334 wilford
1276 2307 1333 2334 ex
1356 2301 1479 2347 parte
1501 2295 1664 2345 boriali,
1683 2302 1725 2336 et
1748 2297 1971 2349 quoddam

252 2367 525 2419 curtilagium
548 2366 760 2419 Johannis
785 2367 998 2419 Odynges
1021 2381 1077 2406 ex
1101 2374 1225 2420 parte
1247 2368 1444 2408 australi:
1477 2368 1681 2409 habenda
1710 2375 1752 2410 et
1782 2370 1973 2411 tenenda

252 2441 472 2493 praedicta
494 2441 580 2480 duo
610 2447 861 2480 tenementa
891 2447 932 2480 et
955 2441 1197 2493 gardinum,
1221 2455 1319 2482 curn
1350 2443 1554 2483 omnibus
1577 2443 1850 2496 pertinentiis
1873 2444 1972 2491 suis,

252 2515 391 2553 eidem
444 2513 637 2553 Roberto
687 2513 876 2566 Squer,
920 2521 961 2554 et
1015 2514 1245 2555 heredibus
1288 2517 1342 2555 de
1390 2530 1569 2569 corpore
1612 2517 1745 2570 ipsius
1790 2518 1971 2559 Roberti
2007 2511 2009 2514 Α

252 2587 443 2639 legitime
479 2586 752 2635 exeuntibus,
790 2587 844 2626 de
880 2587 1139 2640 capitalibus
1181 2589 1370 2630 dominis
1413 2590 1639 2631 feodorum
1683 2592 1853 2632 illorum
1896 2606 1973 2645 per

251 2661 423 2701 servitia
457 2660 557 2700 inde
590 2660 738 2700 debita
771 2667 813 2700 et
847 2661 902 2700 de
931 2661 1027 2713 jure
1061 2670 1278 2712 consueta,
1310 2664 1643 2717 imperpetuum,
1675 2672 1717 2706 et
1748 2666 1972 2706 reddendo

251 2733 556 2773 nichilominus
598 2734 822 2774 annuatim
858 2748 988 2787 supra
1021 2736 1164 2776 dictae
1200 2737 1366 2790 Agneti
1404 2739 1530 2778 uxori
1574 2752 1697 2779 meae
1738 2738 1792 2779 ad
1830 2746 1970 2780 totam

252 2808 384 2847 vitam
417 2820 540 2847 suam
573 2807 874 2848 rationabilem
907 2815 1075 2861 partem
1109 2811 1223 2851 dotis
1256 2825 1358 2851 suae
1388 2812 1425 2851 ei
1455 2813 1749 2865 contingentis
1772 2813 1826 2852 de
1848 2827 1970 2866 prae-

250 2881 376 2921 dictis
424 2881 593 2921 duobus
642 2882 901 2921 tenementis
951 2890 992 2923 et
1034 2884 1228 2935 gardino,
1271 2898 1369 2925 cum
1413 2885 1499 2924 suis
1541 2885 1824 2938 pertinentiis,
1870 2893 1970 2939 post

253 2961 438 2994 mortem
463 2967 616 2993 meam.

339 3028 396 3067 Et
432 3027 540 3075 volo,
576 3027 691 3080 quod
728 3028 974 3080 praedictus
1011 3030 1230 3071 Robertus
1261 3038 1303 3072 et
1338 3032 1564 3084 johannes
1597 3031 1728 3073 frater
1758 3033 1850 3085 ejus
1884 3033 1971 3075 sint

251 3100 291 3139 in
335 3101 532 3140 custodia
575 3101 894 3152 praedictorum
935 3103 1150 3155 Johannis
1197 3105 1319 3145 Heth
1353 3112 1396 3146 et
1440 3106 1659 3158 Symonis,
1696 3106 1969 3159 gubernandi

250 3173 488 3213 secundum
512 3173 793 3214 discretiones
815 3189 913 3215 suas
943 3190 1020 3229 per
1041 3178 1192 3218 decem
1223 3192 1360 3219 annos
1383 3180 1533 3220 datam
1563 3180 1692 3232 hujus
1715 3182 1968 3222 testamenti

251 3246 454 3298 proximo
487 3253 717 3299 sequentes
752 3254 794 3287 et
828 3249 1080 3301 completos,
1114 3258 1156 3291 et
1190 3253 1307 3304 quod
1342 3252 1474 3293 iidem
1509 3253 1734 3305 Johannes
1771 3254 1893 3295 Heth
1927 3261 1969 3296 et

253 3320 419 3373 Symon
463 3333 537 3373 per
578 3319 795 3374 praefatos
838 3322 987 3362 decem
1031 3337 1169 3364 annos
1211 3325 1401 3366 habeant
1439 3332 1481 3366 et
1523 3326 1690 3379 integre
1728 3328 1969 3382 percipiant
