2165 3835
276 425 324 464 14
535 422 752 453 RECORDs·
785 421 845 453 OF
879 421 978 452 THE
1011 420 1247 452 BOROUGH
1281 420 1340 451 OF
1376 420 1724 451 NOTTINGHAM.
1861 411 1989 464 [1402

269 544 418 584 omnia
442 544 560 584 dicta
588 544 705 584 bona
733 550 776 584 6(
805 543 963 583 63(3113
991 543 1105 591 dare,
1132 542 1320 582 vendere
1350 541 1416 581 vel
1448 541 1592 593 legare
1624 541 1992 594 quandocumque

269 617 439 657 illorum
478 617 604 657 alicui
641 617 723 657 hoc
761 616 914 656 melius
947 616 1037 656 fore
1073 615 1254 664 videtur,
1291 615 1384 655 sine
1420 614 1765 654 contradictione
1797 614 1989 667 alicujus.

271 691 322 730 In
346 690 467 743 cujus
491 690 548 729 rei
578 689 878 730 testimonium
908 689 1208 742 praesentibus
1238 688 1427 741 sigillum
1455 701 1601 727 meum
1632 688 1825 739 apposui.
1892 688 1991 728 Hiis

268 764 472 804 testibus:
509 763 704 803 Roberto
738 763 919 815 Squyer‚
953 769 1056 802 tunc
1091 762 1261 814 Majore
1297 762 1594 814 Notingham’,
1630 761 1819 801 Ricardo
1852 762 1990 802 Verd—

269 851 397 877 sauce
419 844 462 877 et
486 836 723 890 Radulpho
745 837 799 877 de
821 837 956 885 West,
982 836 1158 877 Ballivis
1184 837 1392 889 ejusdem,
1416 836 1591 877 Thoma
1615 837 1765 889 Roley,
1789 837 1992 889 Johanne

269 911 323 951 de
352 910 539 959 Alastre,
562 910 786 951 willelmo
817 910 872 950 de
904 910 1071 959 Arnall‚
1094 917 1137 951 et
1169 911 1271 951 aliis.
1337 911 1503 952 Datum
1537 911 1652 963 apud
1688 910 1989 963 Notyngham,

268 984 339 1024 die
359 984 480 1037 Jovis
503 984 707 1037 proximo
729 990 829 1036 post
852 983 1010 1024 festum
1035 984 1246 1025 Omnium
1272 985 1546 1033 Sanctorum,
1571 997 1686 1024 anno
1710 984 1830 1036 regni
1855 985 1989 1037 Regis

272 1057 449 1098 Henrici
475 1058 629 1111 Quarti
653 1071 677 1097 a
702 1058 982 1109 Conquaestu
1008 1057 1157 1097 ‘tertio'
1673 1069 1787 1108 1300,
1813 1071 1867 1097 ro.
1900 1059 1988 1098 12d.

414 1236 805 1278 IV.—Enr0lment
825 1237 878 1287 (3f
894 1236 1036 1275 Gran!
1055 1237 1109 1287 (3f
1121 1236 1186 1275 the
1220 1236 1450 1276 [Vardlmll
1469 1237 1511 1276 l'll
1538 1236 1648 1287 δίου,
1652 1251 1670 1279 1'
1694 1236 1842 1276 Streel.

976 1336 1092 1375 1402,
1114 1326 1228 1378 June
1250 1327 1284 1365 6.

353 1417 427 1458 Ad
466 1418 593 1457 istam
633 1416 808 1458 Curiam
842 1422 1053 1455 venerunt
1088 1415 1313 1467 Johanncs
1352 1415 1488 1463 Ewer,
1521 1416 1575 1455 de
1614 1415 1914 1468 Notyngham,
1947 1423 1990 1456 et

267 1491 512 1531 XVillelmus
538 1490 678 1538 Clerk,
701 1490 755 1529 dc
779 1489 1005 1541 Gedlyng3
1038 1489 1111 1541 qui
1134 1489 1311 1541 quidem
1341 1488 1588 1528 XVillelmus
1618 1489 1743 1541 petiit
1766 1490 1988 1541 quandam

265 1572 430 1606 cartam
460 1565 539 1605 sibi
570 1563 814 1604 confectam
845 1577 921 1616 per
949 1563 1194 1615 praefatum
1219 1561 1504 1615 [Johannem]
1529 1562 1623 1614 legi,
1647 1563 1917 1615 pronuntiari
1947 1570 1990 1603 et

265 1639 479 1680 irrotulari
502 1639 582 1678 sub
604 1638 697 1685 hoc,
721 1637 817 1689 qui1
842 1637 1046 1689 sequitur,
1071 1643 1240 1676 tenore:

353 1711 565 1765 ‘[Sciant]
607 1717 857 1763 praesentes
909 1716 951 1749 et
993 1708 1133 1757 futuri,
1177 1709 1293 1761 quod
1346 1722 1428 1760 ego
1478 1708 1702 1761 Johannes
1757 1709 1892 1759 Exi-er,
1935 1710 1990 1750 de

266 1787 567 1840 Notyngham,
593 1786 752 1826 Custos
785 1783 951 1824 Gaolae
986 1782 1166 1822 Domini
1200 1782 1332 1833 Regis
1365 1782 1407 1821 in
1439 1782 1592 1821 eadem
1616 1781 1727 1830 villa,
1751 1783 1863 1830 dedi,
1887 1796 1988 1822 con-

264 1861 371 1900 cessi
409 1867 451 1900 et
487 1860 568 1899 hac
605 1858 823 1911 praesenti
861 1863 980 1897 carta
1018 1870 1115 1896 mea
1152 1854 1454 1908 [confirmavi]
1493 1854 1716 1895 willelmo
1754 1855 1895 1904 Clerk,
1933 1857 1987 1896 de

265 1933 481 1986 Gedlyng,
519 1932 741 1985 quandam
778 1944 961 1971 vacuam
999 1929 1185 1982 placiam
1224 1936 1363 1969 terrae
1399 1935 1600 1968 vocatam
1640 1928 1700 1968 ‘le
1738 1929 1987 1979 &Vardhaffl

259 2007 480 2060 jacentem
518 2007 559 2046 in
599 2007 879 2058 Stonystrete
911 2005 952 2043 in
988 2003 1278 2056 Notyngham
1312 2002 1460 2055 [inter]
1493 2035 1499 2042 .
1533 2035 1540 2042 .
1573 2035 1580 2042 .
1615 2003 1669 2042 (16
1703 2003 1913 2043 Bradmer
1945 2010 1987 2043 6(

263 2081 506 2134 pomerium
542 2080 730 2122 Ceciliae
763 2079 818 2119 de
854 2077 1013 2130 Emley
1047 2091 1103 2117 ex
1138 2083 1262 2129 parte
1296 2075 1484 2124 australi,
1517 2082 1559 2116 6(
1591 2082 1750 2116 terram
1787 2076 1987 2116 Thomae

266 2154 435 2207 Baylok
458 2168 514 2194 ex
538 2159 660 2206 parte
682 2152 854 2192 boriali:
886 2151 1136 2191 habendam
1159 2156 1202 2190 6(
1231 2150 1467 2189 tenendam
1493 2149 1778 2202 [praedictam
1803 2163 1986 2190 vacuam

263 2228 449 2281 placiam
473 2226 641 2278 terrae],
664 2239 763 2265 cum
787 2225 1069 2278 pertinentiis,
1093 2230 1222 2276 prout
1250 2223 1452 2263 extendit
1481 2237 1506 2262 a
1527 2223 1597 2263 via
1625 2223 1743 2275 regia
1771 2237 1908 2276 usque
1931 2225 1986 2265 ad

263 2302 493 2354 gardinum
527 2299 706 2340 Henrici
737 2298 909 2351 Smyth,
932 2298 987 2338 de
1017 2298 1318 2345 Gammeston‚
1341 2296 1565 2349 praedicto
1595 2296 1818 2337 W'illelmo
1843 2297 1984 2346 Clerk,

263 2375 493 2415 heredibus
526 2380 568 2414 et
600 2372 851 2425 [assignatis
883 2371 1000 2424 suis],
1034 2371 1176 2419 libere,
1205 2371 1316 2410 bene
1350 2376 1392 2410 et
1424 2370 1466 2409 in
1499 2383 1617 2422 pace,
1640 2370 1695 2410 de
1726 2370 1985 2423 capitalibus

262 2449 451 2489 dominis
474 2447 588 2487 feodi
619 2446 730 2486 illius
760 2459 836 2498 per
864 2445 1038 2485 servitia
1067 2444 1169 2484 inde
1197 2444 1346 2484 debita
1375 2450 1418 2483 et
1440 2443 1494 2483 de
1519 2442 1614 2495 jure
1643 2450 1861 2483 consueta.
1927 2444 1985 2485 Et

262 2536 344 2575 ego
379 2522 520 2562 dictus
556 2520 780 2574 Johannes
818 2518 974 2571 [Ewer‚
1012 2525 1055 2558 et
1096 2518 1276 2557 heredes
1319 2516 1433 2569 mei,]
1476 2517 1745 2569 praedictam
1788 2517 1984 2570 placeam

262 2602 410 2643 terrae,
443 2607 541 2634 cum
575 2592 857 2646 pertinentiis,
890 2591 1114 2644 praedicto
1146 2590 1379 2638 willelmo,
1413 2590 1643 2630 heredibus
1675 2597 1718 2631 et
1752 2591 1984 2643 assignatis

262 2670 360 2717 suis,
395 2675 442 2708 ut
479 2680 609 2720 supra
639 2667 804 2706 dictum
843 2671 918 2713 est,
951 2671 1103 2705 contra
1135 2678 1288 2704 omnes
1322 2670 1475 2716 gentes
1509 2664 1888 2704 warantizabimus
1924 2664 1985 2717 [et

262 2741 547 2782 defendemus
570 2740 612 2779 in
636 2738 925 2791 perpetuum]
972 2739 1021 2777 In
1046 2738 1168 2790 cujus
1191 2738 1250 2778 rei
1273 2737 1574 2778 testimonium
1598 2738 1815 2790 praesenti
1839 2745 1985 2778 cartae

262 2815 452 2868 sigillum
476 2826 621 2853 meum
645 2812 838 2865 apposui.
904 2811 1002 2851 Hiis
1025 2811 1229 2851 testibus:
1263 2811 1458 2851 Roberto
1482 2810 1663 2862 Squyer,
1687 2817 1790 2850 tunc
1814 2811 1985 2864 Majore

265 2886 634 2941 Notynghamiae,
659 2885 848 2925 Ricardo
870 2885 1133 2924 Verdsawce
1155 2890 1197 2924 et
1225 2883 1462 2936 Radulpho
1484 2884 1620 2932 XVest‚
1639 2883 1853 2937 [Ballivis]
1872 2885 1983 2937 ejus-

263 2963 376 3012 dem,
406 2959 629 3002 Willelmo
668 2958 824 3007 Leche,
856 2958 1031 2998 Thoma
1069 2958 1173 3010 Cay,
1205 2957 1408 3009 Johanne
1439 2957 1494 2996 de
1527 2957 1770 3010 Byngham,
1803 2964 1846 2998 et
1878 2958 1981 2998 aliis.

265 3037 431 3076 Datum
461 3033 577 3086 apud
609 3031 910 3084 Notyngham,
933 3031 1002 3071 die
1035 3031 1190 3071 Martis
1219 3030 1424 3083 proximo
1455 3029 1617 3083 [ante2]
1641 3030 1799 3071 festum
1831 3032 1981 3073 Sancti

266 3107 492 3149 Barnabae
523 3105 740 3158 Apostoli,
771 3118 887 3144 anno
919 3104 1039 3156 regni
1075 3104 1208 3157 Regis
1243 3104 1423 3144 Henrici
1454 3103 1608 3156 Quarti
1642 3118 1666 3143 a
1699 3105 1981 3157 Conquaestu

264 3181 414 3223 terti0.'
1695 3189 1809 3228 1299,
1834 3192 1889 3217 ro.
1921 3180 1979 3218 18.

878 3318 886 3331 ¹
912 3315 967 3346 hoc
982 3315 1068 3357 quid
1089 3316 1096 3330 ¹
1108 3315 1169 3346 hac
1186 3314 1275 3356 qua,'
1292 3315 1366 3347 MS.
