2165 3835
323 405 406 446 314
586 405 805 438 RECORDs
838 406 898 438 OF
930 407 1030 437 THE
1063 407 1298 439 BOROUGH
1330 407 1391 439 OF
1425 406 1769 438 NOTTINGHAM.
1905 396 2036 450 [1480

320 526 606 580 Notingham’
629 527 849 576 solvendo,
873 542 897 568 a
919 535 1116 582 tempore
1138 543 1224 582 quo
1247 542 1333 569 non
1363 535 1489 569 extat
1518 529 1737 577 memoria,
1760 535 1888 581 prout
1916 542 2037 581 prae-

318 600 422 641 dicti
445 614 559 641 nunc
583 602 727 655 Major
749 609 791 643 et
821 603 1064 656 Burgenses
1094 603 1342 656 praedictae
1364 602 1491 642 villae
1520 602 1820 655 Notyngham’
1843 603 2038 656 superius

318 687 465 715 versus
487 689 560 716 eos
583 683 865 718 narraverunt
876 692 884 727 ;
917 684 959 717 et
989 678 1043 718 de
1071 677 1153 717 hoc
1182 684 1350 730 ponunt
1379 691 1424 717 se
1453 690 1581 729 super
1603 677 1809 730 patriam;
1841 683 1885 717 et
1906 677 2037 717 iidem

318 761 432 788 nunc
475 749 619 802 Major
661 756 703 790 et
745 750 988 803 Burgenses
1030 751 1278 804 praedictae
1320 751 1446 791 villae
1488 750 1789 804 Notyngham’
1831 751 2035 792 similiter.

321 821 428 862 Ideo
459 830 741 876 praeceptum
779 831 843 865 est
876 825 1146 873 Vicecomiti,
1179 825 1295 878 quod
1332 826 1477 865 venire
1510 824 1638 865 faciat
1675 825 1742 864 hic
1780 825 1820 865 in
1856 825 2038 867 Octabis

321 895 472 937 Sancti
506 897 676 939 Hillarii
708 899 792 951 xij„
824 905 912 944 etc..
943 912 1018 951 per
1047 913 1165 951 quos,
1197 906 1285 949 etc,
1317 907 1357 940 ct
1388 901 1459 952 qui
1491 913 1579 947 nec,
1609 905 1699 947 etc,
1723 899 1776 939 ad
1808 912 2037 951 recognos-

319 970 517 1019 cendum,
542 979 630 1021 etc.,
655 973 755 1025 quia
778 979 880 1022 tam,
904 980 999 1013 etc.¹

405 1045 595 1091 ‘Postea
638 1047 894 1088 continuato
935 1047 1036 1087 inde
1078 1061 1280 1100 processu
1323 1048 1433 1088 inter
1482 1055 1626 1100 partes
1677 1048 1920 1100 praedictas
1963 1061 2038 1100 per

315 1118 482 1170 juratas
505 1121 669 1172 positas
693 1121 792 1161 inde
816 1122 926 1161 inter
948 1135 1019 1161 eas
1042 1122 1083 1160 in
1108 1128 1364 1174 respectum,
1387 1121 1455 1161 hic
1478 1134 1615 1174 usque
1637 1135 1662 1161 a
1684 1121 1754 1161 die
1782 1121 1973 1161 Paschae
1994 1121 2036 1161 in

320 1199 405 1232 tres
434 1194 712 1246 septimanas,
737 1208 852 1236 anno
875 1196 994 1248 regni
1026 1195 1205 1235 Domini
1231 1195 1364 1247 Regis
1387 1208 1501 1234 nunc
1525 1194 1695 1234 decimo
1724 1201 1926 1243 octavo;2
1957 1195 2037 1235 nisi

316 1269 543 1320 Justitiarii
568 1271 746 1310 Domini
774 1272 905 1323 Regis
929 1272 982 1311 ad
1008 1271 1162 1311 assisas
1186 1271 1227 1310 in
1253 1271 1476 1312 Comitatu
1500 1270 1785 1323 Notingham’
1802 1270 2037 1323 capiendas

317 1343 535 1396 assignati,
574 1358 649 1397 per
686 1344 870 1385 formam
910 1344 1084 1393 Statuti,
1122 1352 1211 1393 etc,
1249 1345 1318 1385 die
1353 1345 1474 1397 Jovis
1508 1345 1712 1397 proximo
1745 1351 1844 1397 post
1879 1343 2036 1385 festum

318 1416 469 1457 Sancti
506 1418 722 1459 Matthiae
760 1418 965 1472 Apostoli
1003 1420 1208 1472 proximo
1245 1417 1552 1472 praeteritum3
1589 1419 1704 1471 apud
1747 1418 2036 1471 Notyngharn

317 1491 433 1542 prius
456 1492 683 1533 venissent.
751 1493 806 1533 Et
837 1494 968 1534 modo
999 1494 1065 1533 hic
1096 1495 1149 1533 ad
1180 1493 1294 1533 hunc
1324 1494 1439 1534 diem
1470 1494 1647 1533 veniunt
1681 1493 1889 1546 praedicti
1922 1506 2036 1532 nunc

318 1566 462 1618 Major
495 1573 536 1607 et
574 1568 816 1620 Burgenses
849 1568 975 1608 villae
1011 1568 1311 1621 Notyngham‘
1344 1581 1419 1620 per
1454 1574 1721 1608 attornatum
1756 1580 1881 1607 suum
1916 1580 2036 1620 prae-

316 1640 502 1690 dictum;
536 1648 577 1681 et
600 1642 781 1695 praefati
804 1643 1032 1695 Justitiarii
1057 1643 1110 1682 ad
1135 1643 1310 1683 Assisas
1334 1655 1478 1682 coram
1503 1641 1691 1694 quibus,4
1713 1648 1803 1690 etc,
1828 1641 2037 1682 miserunt

315 1713 383 1754 hic
408 1716 633 1756 recordum
657 1729 782 1756 suum
808 1717 847 1756 in
873 1717 979 1756 haec
1001 1717 1151 1757 verba:

403 1793 444 1808 “‘
462 1789 627 1838 Postea,
659 1790 728 1829 die
762 1796 805 1830 et
839 1790 934 1830 loco
969 1789 1348 1839 infra-contentis?
1377 1804 1521 1831 coram
1557 1790 1731 1830 Thoma
1762 1790 1963 1831 Littilton
1994 1797 2036 1831 et

316 1863 489 1903 Thoma
531 1864 724 1917 Hayton‚
761 1865 1012 1917 Justitiariis
1051 1866 1228 1905 Domini
1270 1866 1402 1918 Regis
1440 1866 1493 1906 ad
1532 1866 1687 1905 assisas
1725 1865 1766 1904 in
1811 1865 2035 1907 Comitatu

317 1938 602 1991 Notingham'
641 1939 875 1992 capiendas
913 1940 1144 1992 assignatis
1181 1954 1256 1993 per
1293 1940 1477 1980 formam
1518 1939 1692 1988 statuti,
1730 1946 1819 1988 etc.,
1856 1940 2036 1979 veniunt

316 2012 660 2054 infra-nominati
685 2026 798 2053 nunc
824 2014 967 2066 Major
990 2021 1032 2054 et
1056 2014 1299 2066 Burgenses
1317 2013 1444 2054 villae
1466 2013 1754 2066 Notyngham
1779 2027 1853 2066 per
1871 2019 2035 2053 attorn-

316 2093 434 2126 atum
458 2101 583 2127 suum
609 2087 1026 2128 infra-nominatum.
1092 2088 1150 2128 Et
1172 2087 1515 2129 infra—nominati
1544 2087 1698 2128 Ballivi
1720 2094 1762 2128 et
1792 2087 2035 2140 Burgenses

315 2161 369 2201 de
400 2162 581 2202 Retford
613 2162 895 2215 solempniter
924 2162 1079 2210 exacti,
1111 2176 1196 2202 non
1220 2162 1408 2202 veniunt.
1474 2162 1581 2202 Ideo
1609 2161 1753 2215 jurata
1782 2161 1897 2201 unde
1926 2160 2035 2201 infra

315 2234 362 2275 fit
400 2236 564 2276 mentio
600 2236 796 2288 capiatur
829 2250 976 2276 versus
1012 2250 1084 2276 eos
1119 2250 1194 2289 per
1227 2235 1447 2283 defaitam,
1482 2242 1558 2276 etc.
1633 2235 1855 2287 Juratores
1890 2235 2034 2276 exacti

314 2310 503 2358 veniunt,
526 2309 610 2362 qui,
633 2310 688 2350 ad
712 2310 937 2350 veritatem
969 2311 1022 2350 de
1052 2309 1399 2351 infra-contentis
1429 2309 1659 2350 dicendam
1689 2309 1824 2358 electi,
1847 2309 1962 2350 triati
1992 2316 2035 2350 et

309 2382 452 2436 jurati,
470 2383 631 2432 dicunt,
650 2396 778 2436 super
800 2390 1121 2424 sacramentum
1145 2397 1282 2433 suurn,
1305 2384 1422 2437 quod
1446 2383 1789 2424 infra-nominati
1811 2383 2034 2436 Johannes

315 2457 556 2510 Mapurley,
576 2470 713 2510 nuper
736 2457 890 2511 Major,
909 2464 952 2498 et
976 2458 1220 2511 Burgenses
1243 2458 1490 2511 praedictae
1507 2458 1633 2498 villae
1655 2458 1710 2498 de
1733 2458 2033 2511 Notyngham,

313 2537 356 2571 et
392 2544 544 2571 omnes
581 2531 935 2584 praedecessores
972 2533 1047 2580 sui,
1084 2532 1275 2586 Majores
1309 2539 1352 2574 et
1389 2533 1634 2585 Burgenses
1667 2532 1861 2585 ejusdem
1896 2532 2032 2581 villae,

313 2604 485 2646 fuerunt
522 2606 653 2646 seisiti
692 2607 746 2646 de
783 2606 1165 2659 infra-specificato
1207 2622 1353 2649 annuo
1394 2608 1564 2649 redditu
1603 2621 1678 2661 per
1715 2621 1868 2648 manus
1905 2609 2032 2649 infra-

313 2678 659 2731 specificatorum
693 2693 830 2733 nuper
863 2681 1126 2722 Ballivorum
1161 2690 1202 2723 et
1237 2683 1524 2736 Burgensium
1554 2682 1801 2735 praedictae
1823 2682 1950 2723 villae
1978 2683 2033 2723 de

315 2753 508 2802 Retford‚
525 2760 567 2794 et
583 2754 778 2794 omnium
799 2755 1179 2808 praedecessorum
1199 2770 1385 2806 suorum,
1402 2757 1667 2797 Ballivorum
1683 2763 1724 2797 et
1744 2757 2031 2810 Burgensium

313 2827 438 2867 villae
461 2827 582 2875 illius,
606 2828 785 2880 singulis
809 2830 932 2869 annis
955 2831 1009 2870 ad
1037 2830 1146 2871 festa
1175 2829 1555 2884 infra-specificata
1583 2831 1731 2883 aequis
1760 2831 2032 2884 portionibus

313 2901 428 2952 apud
467 2901 767 2954 Notyngham‚
806 2903 847 2942 in
885 2904 1108 2955 praedicto
1151 2905 1372 2946 Comitatu
1417 2905 1712 2957 Notingham’,
1749 2905 1969 2954 solvendo,
2007 2920 2032 2945 a

311 2980 508 3027 tempore
549 2988 636 3027 quo
677 2988 763 3015 non
807 2982 932 3017 extat
974 2979 1193 3028 memoria,
1231 2986 1359 3031 prout
1401 2979 1609 3031 praedicti
1651 2991 1766 3018 nunc
1808 2979 1953 3032 Major
1988 2986 2031 3020 et

313 3047 556 3100 Burgenses
586 3050 834 3101 praedictae
857 3050 983 3091 villae
1013 3052 1314 3105 Notyngham'
1338 3066 1412 3105 per
1441 3052 1732 3093 narrationem
1755 3066 1879 3094 suam
1902 3051 2029 3094 infra-

312 3128 564 3163 contentam
588 3130 862 3176 supponunt;
896 3131 938 3165 et
968 3125 1161 3167 assident
1189 3127 1383 3180 dampna
1411 3126 1603 3180 ipsorum
1633 3140 1748 3167 nunc
1777 3127 1958 3180 Majoris
1987 3133 2029 3167 et

376 3247 386 3261 ¹
412 3244 473 3276 See
490 3245 656 3286 Glossary,
675 3256 735 3277 sm.
759 3246 924 3278 ‘Venire'
1300 3251 1313 3269 ⁴
1337 3250 1401 3280 For
1433 3251 1560 3280 ‘coram
1588 3250 1705 3290 quibus
1729 3250 1836 3291 jurata
1863 3250 2029 3291 praedicta

376 3302 387 3315 ²
412 3300 557 3339 Sunday‚
577 3300 671 3341 April
692 3309 740 3341 13,
764 3300 854 3339 1478.
1236 3303 1340 3334 venit'
1357 3315 1385 3330 z
1403 3303 1513 3336 before
1545 3304 1650 3335 whom
1683 3304 1738 3335 the
1765 3304 1839 3345 jury
1869 3302 2026 3336 aforesaid

377 3356 388 3375 3
411 3353 593 3396 Thursday,
616 3356 780 3397 February
797 3357 848 3394 26,
872 3356 997 3395 1477-8.
1237 3369 1338 3390 came.
