2165 3835
273 390 349 439 196
531 397 749 429 RECORDS
782 397 841 428 OF
875 397 975 428 THE
1008 397 1242 429 BOROUGH
1276 398 1335 429 OF
1370 397 1715 429 NOTTINGHAM.
1852 388 1981 442 [1448

267 526 525 569 nostrorum,
556 534 688 573 quarn
724 521 765 560 in
801 521 1000 561 absentia
1028 527 1186 569 nostra,
1216 521 1424 561 heredum
1460 527 1502 560 et
1536 533 1832 560 successorum
1868 527 1984 561 nost-

267 608 423 644 rorum,
459 608 557 634 cum
595 595 860 635 omnimodis
898 594 1098 648 proficuis
1138 595 1292 637 Curiae
1330 594 1441 634 illius
1479 608 1534 634 ex
1571 608 1684 634 nunc
1719 595 1760 633 in
1794 593 1985 634 futurum

267 668 642 722 qualitercumque
693 669 1048 721 contingentibus
1100 682 1174 708 seu
1226 668 1591 721 provenientibus,
1643 668 1986 708 Vicecomitibus

267 743 463 796 ejusdem
501 742 627 782 villae
664 756 741 795 pro
779 749 975 795 ternpore
1013 742 1302 783 existentibus
1346 743 1399 782 ad
1438 755 1563 781 usum
1601 756 1727 782 suurn
1765 742 1986 794 proprium

267 816 497 866 solvendis,
530 817 622 856 sine
653 817 881 856 occasione
913 817 979 856 vel
1017 817 1334 869 impedimento
1371 816 1516 864 nostri,
1550 816 1758 856 heredum
1792 816 1858 856 vel
1895 830 1987 856 suc-

267 904 486 931 cessorum
541 897 798 940 nostrorum,
852 898 925 931 aut
974 891 1305 943 justitiariorum
1359 897 1616 939 nostrorum,
1662 890 1870 930 heredum
1922 890 1988 930 vel

268 978 565 1005 successorum
591 972 849 1013 nostrorum,
873 979 1259 1018 quorumcumque,
1283 979 1357 1004 seu
1389 965 1625 1006 Senescalli
1653 965 1718 1004 vel
1744 964 1989 1004 Marescalli

272 1038 465 1091 Hospitii
490 1039 637 1087 nostri,
655 1038 864 1079 heredum
889 1052 962 1078 seu
987 1053 1283 1079 successorum
1308 1046 1565 1087 nostrorum,
1584 1039 1673 1079 sive
1693 1039 1989 1087 Escaetorum‚

271 1112 603 1160 Vicecomitum,
642 1119 716 1152 aut
758 1113 939 1152 aliorum
983 1113 1240 1153 ballivorum
1283 1113 1349 1153 vel
1393 1113 1688 1154 ministrorum
1732 1120 1990 1162 nostrorum,

271 1186 479 1226 heredum
503 1186 569 1226 vel
593 1199 889 1226 successorum
915 1193 1172 1236 nostrorum,
1197 1201 1582 1240 quorumcumque.
1640 1188 1696 1228 Et
1719 1188 1835 1240 quod
1860 1188 1990 1228 iidem

274 1259 547 1302 Senescallus
570 1267 612 1300 et
636 1260 918 1300 Marescallus
941 1261 995 1300 de
1024 1261 1345 1313 cognitionibus
1376 1261 1633 1314 placitorum
1658 1262 1711 1301 de
1741 1261 1991 1314 hujusmodi

273 1333 578 1383 contractibus,
630 1334 1002 1383 conventionibus,
1057 1336 1484 1387 transgressionibus
1537 1336 1674 1384 rebus,
1727 1336 1866 1376 causis
1919 1342 1992 1376 aut

272 1409 462 1449 materiis
495 1408 842 1461 quibuscumque
875 1407 984 1448 infra
1016 1409 1200 1449 eandem
1233 1409 1378 1449 villam
1412 1423 1485 1449 seu
1521 1409 1766 1449 libertatem
1797 1409 1862 1449 vel
1896 1423 1992 1462 pro-

272 1484 438 1524 cinctus
489 1482 685 1535 ejusdem
739 1489 865 1534 prout
908 1496 953 1522 se
999 1483 1247 1523 extendunt
1290 1483 1355 1523 vel
1398 1489 1589 1531 utuntur,
1633 1484 1830 1536 exceptis
1873 1497 1993 1536 prae-

272 1557 480 1610 exceptis‚
519 1556 841 1609 emergentibus
879 1557 944 1596 vel
983 1557 1349 1609 contingentibus,
1388 1571 1432 1596 se
1469 1571 1525 1597 ex
1569 1571 1682 1597 nunc
1721 1558 1762 1597 in
1802 1557 1992 1598 futurum

273 1630 521 1671 nullatenus
540 1630 846 1679 intromittant,
871 1644 948 1670 nec
973 1631 1115 1671 nullus
1139 1645 1287 1671 eorum
1313 1631 1400 1671 ullo
1424 1632 1556 1671 modo
1579 1645 1624 1671 se
1647 1632 1920 1672 intromittat.

362 1705 418 1745 Et
441 1705 557 1758 quod
581 1705 684 1744 dicti
711 1705 919 1745 Escaetor
941 1712 983 1745 et
1007 1705 1299 1745 Vicecomites
1323 1705 1518 1757 ejusdem
1543 1705 1669 1745 villae
1694 1705 1994 1758 Notyngham’

274 1794 351 1832 pro
384 1786 580 1832 tempore
613 1779 853 1819 existentes
876 1779 1071 1831 quolibet
1101 1793 1216 1819 anno
1247 1780 1480 1831 separatim
1512 1779 1656 1831 profra
1685 1793 1762 1819 sua
1785 1779 1924 1819 facere
1953 1786 1995 1820 et

274 1859 527 1906 computare
570 1853 737 1905 possint
779 1866 924 1893 coram
968 1853 1258 1893 Thesaurario
1300 1860 1342 1893 et
1388 1854 1627 1893 Baronibus
1671 1854 1725 1893 de
1768 1854 1996 1895 Scaccario

275 1933 434 1975 nostrO,
457 1933 499 1967 et
531 1927 739 1967 heredum
773 1941 821 1967 ac
851 1941 1148 1967 successorum
1183 1934 1441 1977 nostrorum,
1465 1941 1540 1980 per
1569 1934 1813 1968 attornatos
1843 1941 1995 1968 eorun-

275 2002 375 2042 dem
412 2001 658 2041 Escaetoris
692 2008 734 2042 et
764 2002 1086 2042 Vicecomitum
1123 2001 1233 2041 illius
1264 2001 1389 2041 villae
1423 2002 1477 2041 ad
1513 2002 1594 2041 hoc
1627 2002 1860 2054 separatim
1892 2002 1996 2054 dep-

276 2081 421 2116 utatos
463 2082 505 2115 et
547 2075 824 2128 deputandos
867 2090 942 2128 per
991 2076 1155 2116 litteras
1198 2082 1398 2128 patentes
1441 2076 1520 2115 sub
1563 2075 1712 2128 sigillis
1755 2075 1996 2116 officiorum

276 2150 512 2190 eorundem
568 2150 814 2190 Escaetoris
866 2157 908 2190 et
960 2150 1283 2190 Vicecomitum
1327 2149 1438 2188 illius
1486 2149 1611 2189 villae
1653 2150 1900 2202 signandas,
1944 2150 1998 2189 de

277 2224 625 2277 quibuscumque
647 2224 774 2264 rebus
796 2223 939 2264 officia
970 2224 1217 2264 Escaetoris
1240 2230 1282 2263 et
1305 2223 1627 2263 Vicecomitum
1652 2223 1847 2275 ejusdem
1871 2223 1999 2263 villae

278 2297 560 2350 tangentibus
582 2297 698 2337 unde
720 2297 1037 2350 computabiles
1056 2297 1233 2337 fuerint:
1262 2303 1304 2337 et
1327 2298 1444 2350 quod
1469 2298 1675 2338 attornati
1700 2297 1758 2336 illi
1782 2298 1835 2337 ad
1855 2297 1999 2350 profra

279 2379 321 2412 et
363 2372 738 2424 computationem
781 2371 1031 2424 hujusmodi
1074 2371 1272 2412 facienda
1319 2378 1361 2411 et
1405 2371 1626 2411 reddenda
1668 2371 1763 2411 loco
1806 2372 1998 2424 ipsorum

282 2445 527 2485 Escaetoris
565 2452 607 2485 et
644 2446 965 2486 Vicecomitum
1009 2460 1084 2499 per
1121 2447 1297 2486 eosdem
1341 2446 1679 2485 Thesaurarium
1722 2452 1764 2485 et
1808 2446 1999 2485 Barones

275 2519 406 2572 juxta
442 2519 529 2559 vim
568 2526 610 2559 et
652 2518 855 2560 effectum
899 2520 1078 2560 istarum
1122 2526 1368 2560 nostrarum
1407 2520 1646 2560 litterarum
1690 2520 2000 2569 admittantur3

280 2593 444 2646 absque
495 2594 587 2643 hoc,
629 2595 746 2646 quod
789 2594 891 2634 dicti
948 2594 1156 2634 Escaetor
1207 2601 1249 2634 et
1291 2594 1584 2634 Vicecomites
1636 2593 1831 2646 ejusdem
1874 2593 2000 2633 villae

282 2668 594 2721 Notyngham',
618 2682 691 2708 seu
716 2681 864 2708 eorum
892 2682 1170 2717 successores,
1195 2675 1268 2708 aut
1298 2668 1452 2720 aliquis
1481 2681 1641 2716 eorum,
1666 2673 1792 2707 extra
1814 2667 1998 2707 eandem

281 2741 428 2782 villam
472 2742 526 2782 ad
569 2742 914 2794 computandum
952 2743 1006 2782 de
1048 2742 1263 2795 aliquibus
1307 2743 1360 2782 ad
1403 2741 1545 2781 officia
1583 2755 1659 2781 sua
1696 2755 1770 2780 seu
1808 2740 1999 2780 officium

282 2815 462 2868 alicujus
505 2829 653 2856 eorum
696 2816 994 2868 spectantibus
1044 2816 1329 2868 personaliter
1370 2815 1514 2855 venire
1562 2814 1881 2867 compellantur
1926 2827 1999 2853 seu

283 2895 525 2937 teneantur,
549 2896 623 2929 aut
655 2903 803 2930 eorum
838 2890 991 2942 aliquis
1024 2889 1311 2942 compellatur
1342 2889 1409 2929 vel
1442 2894 1641 2929 teneatur
1663 2888 1816 2940 quovis
1850 2888 2001 2928 modo:

283 2969 326 3003 et
351 2964 468 3016 quod
496 2963 677 3016 quilibet
711 2963 920 3004 Escaetor
952 2964 1062 3004 illius
1094 2963 1221 3003 villae
1254 2962 1566 3015 Notyngham',
1589 2962 1662 3013 qui
1695 2975 1772 3014 pro
1805 2968 2002 3014 tempore

284 3038 373 3087 erit,
397 3037 544 3077 statim
579 3044 678 3090 post
712 3037 1049 3090 praefectionem
1085 3051 1220 3086 suam,
1247 3043 1438 3090 praestet
1471 3035 1651 3088 singulis
1686 3035 1809 3075 annis
1845 3036 2000 3088 imper-

284 3117 463 3164 petuum
487 3111 529 3150 in
559 3111 712 3151 eadem
735 3111 836 3151 villa
865 3118 908 3152 et
937 3125 1023 3152 non
1054 3111 1155 3152 alibi
1178 3117 1499 3151 sacramentum
1531 3123 1655 3149 suum
1679 3110 1733 3149 de
1763 3108 1907 3149 officio
1929 3108 2002 3148 illo

284 3185 395 3224 bene
417 3190 460 3225 et
482 3184 664 3225 fideliter
687 3184 896 3234 faciendo,
919 3199 1064 3226 coram
1090 3184 1441 3233 Coronatoribus,
1465 3183 1531 3224 vel
1558 3197 1645 3223 uno
1669 3184 2000 3232 Coronatorum‚

286 3258 480 3311 ejusdem
522 3258 648 3298 villae
690 3273 767 3311 pro
815 3266 1012 3312 tempore
1053 3259 1363 3308 existentibus3
1415 3258 1579 3310 absque
1621 3271 1682 3306 eo,
1725 3257 1842 3309 quod
1886 3256 2001 3296 idem

292 3332 499 3372 Escaetor
525 3332 635 3372 illius
664 3333 790 3372 villae
821 3333 1120 3386 Notyngham'
1150 3332 1215 3373 vel
1249 3345 1516 3373 successores
1547 3331 1621 3377 sui,
1646 3331 1699 3370 ad
1730 3336 2003 3370 sacramenta
