2165 3835
277 392 358 442 278
541 399 760 432 RECORDS
793 400 853 432 OF
886 400 986 431 THE
1018 399 1254 432 BOROUGH
1287 400 1347 432 OF
1382 400 1729 432 NOTTINGHAM.
1864 392 1995 445 [1470

275 522 465 562 Ricardo
489 522 604 575 Ody,
626 522 849 562 willelmo
875 523 1027 575 Higyn
1051 529 1094 564 et
1119 523 1313 563 Roberto
1338 523 1480 575 Large
1502 523 1846 564 Vicecomitibus
1873 538 1994 577 prae—

273 597 416 637 dictae
447 596 584 645 villae,
619 597 809 637 Ricardo
845 597 1033 649 Knyght
1065 603 1107 637 et
1143 597 1333 649 Johanni
1370 597 1473 636 Pole
1507 597 1765 638 Camerariis
1798 598 1994 650 ejusdem

272 671 409 720 villae,
455 671 673 711 Edwardo
717 671 854 719 Hunt,
896 671 1086 723 Johanni
1131 670 1290 722 Dalby,
1336 670 1525 710 Ricardo
1563 670 1734 717 Bedale,
1773 671 1995 711 XVillelmo

273 744 400 785 Bithe
423 745 550 797 Way,
574 751 616 785 et
639 744 838 785 Thomae
862 745 1055 793 VVarner,
1080 752 1165 784 tres
1188 744 1373 784 seliones
1400 745 1594 796 jacentes
1618 758 1746 797 super
1778 745 1994 794 Estrihill'‚

271 819 382 859 inter
414 826 572 860 terram
608 819 783 859 Ricardi
818 819 983 860 Samon
1017 832 1074 858 ex
1107 825 1230 871 parte
1262 818 1521 858 occidentali
1555 824 1597 858 et
1630 818 1762 858 altam
1789 820 1904 858 viam
1937 833 1994 859 ex

272 900 395 946 parte
416 893 626 942 orientali,
645 900 687 934 et
705 892 947 946 abutta[n]t
971 906 1100 945 super
1125 893 1268 932 Rihill’
1289 892 1410 945 Syke
1433 906 1580 932 versus
1602 892 1780 941 boriam,
1800 900 1842 933 et
1868 906 1997 945 super

269 973 427 1008 terram
471 981 608 1020 nuper
657 967 870 1020 Johannis
917 967 1169 1019 Tannesley
1210 980 1357 1007 versus
1399 973 1615 1016 austrum;
1667 980 1775 1019 quas
1817 968 1994 1019 quidem

270 1043 465 1093 senones,
488 1044 615 1084 simul
639 1057 736 1083 cum
761 1043 854 1083 aliis
877 1043 999 1083 terris
1022 1049 1064 1083 et
1088 1042 1360 1090 tenementis,
1384 1055 1522 1094 nuper
1543 1042 1776 1082 habuimus
1798 1056 1855 1082 ex
1877 1043 1996 1082 dono

269 1124 312 1158 et
353 1117 637 1159 feoffamento
686 1117 900 1170 Johannis
945 1117 1184 1169 Maperley,
1226 1117 1281 1156 de
1324 1116 1635 1169 Notyngham:
1686 1116 1911 1156 habendas
1953 1123 1996 1157 et

267 1192 480 1232 tenendas
502 1192 747 1245 praedictas
769 1197 854 1231 tres
878 1190 1062 1230 seliones
1085 1197 1234 1239 terrae,
1257 1204 1355 1230 cum
1379 1191 1466 1231 suis
1489 1191 1771 1243 pertinentiis,
1790 1189 1995 1243 praefatis

266 1266 458 1318 Johanni
491 1266 672 1318 Squyer‚
696 1265 906 1313 Thomae,
931 1264 1141 1313 Thomae,
1165 1264 1376 1313 Thomae,
1406 1264 1596 1316 Johanni
1624 1265 1761 1314 Hunt,
1788 1265 1994 1314 Roberto,

269 1340 480 1388 Thomae,
514 1341 698 1392 Rogero,
727 1339 917 1391 Johanni
951 1338 1153 1391 Spenccr,
1176 1339 1367 1391 Johanni
1401 1340 1631 1391 Peyntour‚
1657 1339 1847 1379 Ricardo
1878 1339 1994 1391 Ody,

268 1413 502 1463 willelmo,
549 1414 753 1462 Roberto,
799 1413 988 1453 Ricardo
1043 1413 1230 1466 Knyght
1272 1421 1314 1454 et
1365 1414 1556 1466 Johanni
1606 1413 1719 1462 Pole,
1764 1413 1994 1462 Edwardo,

267 1488 459 1541 Johanni
494 1488 652 1540 Dalby,
686 1487 875 1527 Ricardo
909 1487 1082 1535 Bedale,
1112 1487 1346 1536 WVillelmo,
1376 1494 1419 1528 et
1451 1487 1661 1536 Thomae‚
1691 1486 1922 1527 heredibus
1953 1494 1996 1528 et

268 1562 499 1615 assignatis
536 1563 634 1611 suis,
670 1562 725 1602 de
761 1561 1021 1614 capitalibus
1056 1561 1245 1601 dominis
1280 1560 1394 1601 feodi
1430 1561 1542 1601 illius
1577 1575 1652 1614 per
1686 1561 1860 1602 servitia
1894 1561 1996 1602 inde

267 1637 416 1677 debita
439 1643 481 1677 et
504 1637 558 1676 de
577 1636 671 1689 jure
694 1642 913 1683 consueta,
938 1635 1271 1687 imperpetuum.

328 1711 377 1751 In
402 1710 523 1763 cujus
547 1711 604 1750 rei
629 1709 928 1750 testimonium
952 1708 1050 1749 huic
1075 1710 1291 1762 praesenti
1315 1716 1459 1749 cartae
1483 1716 1656 1749 nostrae
1679 1709 1819 1762 sigilla
1846 1716 1995 1750 nostra

268 1785 562 1838 apposuimus,
593 1783 789 1837 praefato
818 1783 1019 1835 Johanne
1048 1783 1229 1836 Squyer,
1253 1789 1356 1823 tunc
1388 1782 1557 1835 Majore
1579 1782 1706 1822 villae
1735 1783 1992 1835 praedictae.

272 1859 369 1899 Hiis
412 1858 615 1899 testibus:
668 1858 884 1910 Magistro
926 1857 1149 1897 W'illelmo
1191 1857 1329 1906 Gulle,
1372 1857 1537 1906 clerico,
1583 1857 1777 1897 Roberto
1821 1857 1993 1910 Smyth‚

266 1933 480 1986 elzapmmz,
510 1933 713 1985 Johanne
743 1932 857 1984 Ody,
887 1932 1059 1984 (impar,
1090 1932 1265 1972 Thoma
1296 1932 1458 1981 Ivenet,
1488 1932 1677 1972 Ricardo
1707 1932 1919 1981 Turnour,
1949 1938 1992 1972 et

269 2008 416 2048 multis
446 2007 548 2047 aliis.
614 2007 780 2047 Datum
812 2006 927 2059 apud
959 2006 1261 2059 Notyngham,
1293 2012 1449 2058 quarto
1479 2007 1548 2046 die
1579 2006 1696 2054 Maii,
1728 2019 1843 2046 anno
1873 2007 1993 2059 regni

271 2082 404 2134 Regis
429 2082 633 2122 Edwardi
657 2081 811 2134 Quarti
837 2088 983 2120 nono.1
1870 2081 1992 2130 4496.

268 2262 733 2305 CXVIIL—Petz'tz'on
755 2262 837 2313 for
855 2276 881 2302 a
903 2262 1004 2314 Day
1024 2262 1078 2313 of
1102 2261 1306 2315 Hearing
1325 2263 1368 2301 in
1391 2277 1446 2302 {m
1470 2262 1650 2315 Inquiry
1673 2263 1910 2316 regal'ding
1928 2262 1994 2303 tlte

719 2337 965 2377 Advowson
987 2337 1041 2387 of
1063 2336 1129 2376 [lae
1151 2336 1318 2388 Amyas
1343 2336 1540 2389 Clcanlry.

977 2435 1035 2489 [C
1035 2436 1122 2476 έναι
1160 2435 1296 2489 1470]

356 2545 406 2584 In
447 2544 529 2584 Dei
566 2543 753 2592 nomine,
792 2556 930 2583 amen.
996 2543 1155 2584 Coram
1193 2542 1326 2590 vobis,
1364 2542 1598 2582 venerabili
1636 2542 1738 2591 viro,
1777 2542 1992 2595 Magistro

269 2618 465 2658 Roberto
497 2617 703 2666 Echard,2
726 2616 914 2658 Officiali
946 2617 1127 2657 Domini
1151 2616 1463 2656 Archidiaconi
1494 2616 1838 2669 Notinghamiae
1869 2630 1991 2669 prae-

267 2699 402 2741 tenso,
445 2699 487 2732 et
529 2692 583 2732 ad
626 2691 932 2744 inquirendum
975 2691 1029 2731 de
1071 2697 1114 2731 et
1155 2704 1284 2743 super
1325 2690 1421 2743 jure
1462 2697 1720 2743 patronatus
1761 2690 1990 2743 cujusdam

268 2765 501 2808 Cantariae
532 2765 574 2804 in
610 2764 807 2804 Ecclesia
837 2764 1073 2817 parochiali
1111 2765 1273 2805 Beatae
1308 2765 1474 2804 Mariae
1506 2765 1560 2805 cle
1593 2765 1866 2817 Notingham
1899 2764 1990 2805 vul-

267 2841 426 2893 gariter
474 2845 751 2892 nuncupatae
800 2838 994 2891 ‘Amyas
1045 2838 1296 2891 Chauntry,'
1338 2852 1387 2878 ac
1429 2837 1522 2878 aliis
1570 2838 1906 2878 circumstantiis
1947 2838 1990 2878 in

265 2921 410 2955 vestra
442 2913 749 2954 commissione
780 2912 949 2966 plenius
983 2911 1253 2965 specificatis,
1276 2912 1442 2952 vocatis
1470 2912 1512 2951 in
1547 2911 1628 2951 hac
1662 2918 1785 2964 parte
1814 2913 1868 2952 de
1893 2912 1989 2964 jure

266 2989 485 3038 vocandis,
524 2988 782 3029 auctoritate
826 2986 1193 3027 Reverendissimi
1235 2986 1278 3025 in
1322 2985 1496 3027 Christo
1537 2986 1671 3038 patris
1713 2992 1756 3026 et
1798 2986 1990 3035 Domini,

268 3063 450 3103 Domini
488 3061 674 3115 Georgii,
708 3061 993 3114 permissione
1025 3060 1182 3109 divina,
1217 3059 1506 3099 Eboracensis
1537 3058 1880 3112 Archiepiscopi,
1913 3073 1988 3099 seu

267 3137 359 3190 ejus
382 3137 544 3178 Vicarii
574 3136 810 3184 Generalis,
830 3135 977 3188 judice
1005 3134 1219 3187 delegato,
1243 3134 1348 3174 dicit
1380 3140 1423 3174 et
1455 3134 1497 3173 in
1527 3133 1622 3186 jure
1653 3133 1859 3186 proponit
1890 3147 1990 3186 pars

332 3304 342 3318 ¹
366 3301 473 3331 There
505 3300 531 3330 is
561 3300 630 3330 also
660 3309 679 3329 a
710 3299 831 3329 release
862 3298 946 3328 from
974 3297 1063 3338 John
1195 3296 1284 3334 land,
1312 3296 1411 3327 dated
1439 3296 1518 3336 May
1547 3304 1594 3334 12,
1630 3296 1720 3335 1469.
1781 3296 1842 3328 See
1869 3297 1987 3335 below,

266 3355 460 3395 Mapperley
487 3353 525 3384 of
552 3353 606 3384 the
634 3353 739 3383 above
767 3352 857 3383 three
885 3352 1005 3383 selions
1032 3351 1069 3382 of
1197 3351 1361 3382 Calendar
1378 3350 1416 3381 of
1427 3350 1593 3389 Charters,
1609 3356 1686 3389 etc„
1702 3351 1804 3383 under
1821 3352 1884 3383 this
1900 3362 1985 3392 year.
