2165 3835
309 412 335 450 6
574 420 793 452 RECORDS
825 421 886 452 OF
919 421 1019 452 THE
1051 421 1287 454 BOROUGH
1320 421 1380 453 OF
1415 420 1762 453 NOTTINGHAM.
1897 412 2028 465 [1399

309 540 350 580 in
383 540 731 594 quibuscumque
769 542 908 584 Curiis
951 543 1108 583 nostris
1150 549 1192 583 et
1224 543 1433 582 heredum
1467 549 1712 583 nostrorum
1745 542 1944 583 homines
1985 549 2028 584 et

308 619 505 654 tenentes
528 615 633 664 illos,
656 622 747 656 tam
777 629 922 656 coram
953 616 1078 656 nobis
1107 622 1150 656 et
1175 615 1405 655 heredibus
1435 616 1603 665 nostris,
1627 622 1669 656 et
1691 616 1733 655 in
1758 616 2029 657 Cancellaria

309 694 457 728 nostra
488 695 530 728 et
564 688 772 729 heredum
811 696 1069 738 nostrorum,
1108 703 1156 729 ac
1194 702 1340 729 coram
1377 689 1668 728 Thesaurario
1705 695 1748 729 et
1786 689 2028 730 Baronibus

308 762 465 801 nostris
507 769 549 802 et
590 762 798 802 heredum
842 769 1088 803 nostrorum
1132 763 1186 802 de
1229 761 1468 809 Scaccario,
1506 768 1548 801 ct
1589 774 1735 801 coram
1776 761 2028 813 Justitiariis

308 834 465 874 nostris
508 841 550 874 et
591 835 800 875 heredum
843 842 1089 876 nostrorum
1132 836 1186 875 de
1230 836 1388 883 Banco,
1424 841 1466 875 et
1503 848 1649 874 coram
1694 835 1944 876 Senescallo
1986 842 2028 876 et

308 907 568 948 Marescallo
589 922 664 948 seu
689 909 856 950 Clerico
880 910 1063 949 Mercati
1090 909 1282 961 Hospitii
1313 909 1447 948 nostri
1470 914 1513 948 et
1535 908 1745 948 heredum
1769 915 2027 958 nostrorum,

306 980 379 1033 qui
416 994 495 1033 pro
528 988 725 1034 tempore
759 981 926 1031 fuerint,
957 989 999 1022 et
1032 983 1073 1022 in
1103 982 1196 1022 aliis
1228 982 1368 1023 Curiis
1402 982 1560 1022 nostris
1594 988 1636 1022 et
1670 981 1878 1022 heredum
1909 988 2027 1022 nost-

307 1067 463 1103 rorum,
493 1068 625 1107 quam
659 1069 804 1095 coram
841 1056 1093 1108 Justitiariis¹
1133 1054 1446 1095 Itincrantibus
1479 1055 1533 1094 ad
1569 1055 1833 1096 Communia
1864 1055 2029 1095 Placita

306 1133 349 1168 et
371 1128 425 1168 ad
458 1127 622 1168 Placita
653 1129 869 1178 Forestae,
892 1137 935 1169 et
964 1129 1312 1181 quibuscumque
1344 1128 1437 1168 aliis
1468 1128 1719 1181 Justitiariis
1749 1135 1792 1169 et
1821 1129 2028 1169 ministris

306 1201 463 1241 nostris
496 1208 538 1242 et
570 1202 781 1242 heredum
816 1209 1074 1251 nostrorum,
1098 1209 1187 1243 tam
1220 1203 1260 1241 in
1292 1202 1537 1255 praesentia
1570 1209 1718 1242 nostra
1746 1209 1789 1243 ct
1818 1202 2026 1242 heredum

305 1282 564 1324 nostrorum,
606 1289 737 1328 quam
780 1276 822 1315 in
866 1276 1063 1316 absentia
1105 1282 1253 1315 nostra
1295 1282 1337 1315 et
1378 1275 1586 1315 heredum
1626 1282 1883 1325 nostrorum,
1922 1274 2028 1316 fines

305 1347 455 1397 facere,
488 1349 554 1388 vel
587 1349 821 1398 amerciari,
855 1350 999 1389 exitus
1032 1348 1288 1396 forisfacerc,
1319 1362 1482 1388 annum
1515 1348 1630 1387 diem
1665 1354 1707 1388 ct
1738 1355 1922 1397 vastum,
1952 1362 2026 1389 seu

306 1421 598 1463 forisfacturas
635 1429 678 1463 et
716 1423 920 1471 mu1·dra,1
957 1423 1195 1475 adjudicari
1231 1422 1482 1474 contigerit;
1525 1435 1636 1474 quae
1672 1421 1788 1470 fines,
1821 1422 2027 1461 amercia-

306 1502 464 1544 menta,
488 1496 821 1548 redemptiones,
845 1496 1001 1543 exitus,
1033 1509 1171 1535 annus
1201 1496 1292 1535 dies
1323 1502 1494 1535 vastum
1528 1495 1617 1535 sive
1646 1502 1883 1548 streppum,
1907 1495 2027 1535 foris-

305 1567 496 1608 facturae
528 1576 570 1609 et
604 1570 801 1609 murdra1
836 1570 890 1609 ad
921 1583 999 1609 nos
1031 1569 1095 1609 vel
1126 1569 1305 1609 heredes
1339 1576 1510 1609 nostros
1540 1576 1718 1621 possent
1748 1569 1963 1621 pertinere
1992 1569 2026 1609 si

304 1641 508 1694 praefatis
542 1642 711 1695 Majori,
749 1642 924 1682 Ballivis
959 1649 1002 1682 et
1038 1643 1332 1695 Burgensibus
1367 1656 1574 1682 concessa
1608 1656 1694 1682 non
1729 1642 1931 1683 fuissent:
1968 1642 2028 1683 ita

303 1716 420 1768 quod
458 1716 538 1769 ipsi
576 1729 652 1768 per
685 1729 730 1755 se
768 1716 832 1756 vel
871 1730 946 1768 per
983 1716 1165 1756 ballivos
1203 1723 1246 1756 ct
1279 1716 1499 1756 ministros
1537 1729 1637 1755 suos
1670 1715 1787 1765 fines,
1820 1716 2026 1756 amercia-

305 1796 462 1839 menta,
490 1790 823 1842 redemptiones,
854 1790 1010 1838 exitus,
1041 1796 1083 1830 et
1116 1789 1408 1830 forisfacturas
1441 1789 1690 1841 hujusmodi
1724 1789 1951 1829 hominum
1985 1796 2027 1830 et

302 1864 544 1904 tenentium
578 1864 911 1916 praedictorum,
945 1870 987 1904 ct
1019 1864 1178 1912 omnia,
1214 1877 1326 1916 quae
1360 1863 1414 1903 ad
1450 1876 1528 1903 nos
1561 1869 1603 1903 et
1635 1862 1816 1902 heredes
1854 1869 2026 1903 nostros

303 1937 518 1989 pertinere
541 1937 709 1990 possint
731 1937 785 1976 de
812 1950 928 1976 anno
957 1937 1026 1977 die
1053 1944 1095 1977 et
1121 1944 1246 1977 vasto
1275 1937 1364 1977 sive
1393 1944 1582 1989 streppo,
1606 1943 1649 1976 et
1672 1936 1880 1976 murdris1
1905 1950 2026 1989 prae-

303 2010 429 2050 dictis
462 2010 613 2059 levare,
644 2011 865 2063 percipere
894 2017 937 2050 et
969 2010 1129 2050 habere
1158 2011 1336 2063 possint,
1360 2011 1453 2050 sine
1484 2010 1713 2050 occasione
1744 2010 1811 2050 vel
1844 2010 2026 2063 impedi-

304 2090 453 2124 mento
501 2084 635 2124 nostri
678 2083 744 2123 vel
787 2084 995 2123 heredum
1046 2090 1304 2131 nostrorum,
1351 2083 1694 2135 justitiariorum,
1744 2089 2025 2132 escaetorum,

303 2157 618 2207 vicecomitum,
652 2164 970 2206 coronatorum,
1004 2164 1078 2198 aut
1111 2158 1293 2197 aliorum
1327 2157 1584 2197 ballivorum
1620 2171 1694 2197 seu
1729 2157 2024 2197 ministrorum

304 2236 550 2270 nostrorum
575 2244 960 2283 quorumcumque.

392 2304 449 2345 Et
481 2305 624 2352 etiam,
655 2306 771 2357 quod
805 2305 1014 2357 praedicti
1047 2305 1200 2357 Major,
1226 2305 1378 2344 Ballivi
1409 2311 1452 2344 et
1485 2305 1740 2357 Burgenses,
1764 2318 1813 2344 ac
1846 2304 2026 2345 heredes

303 2384 346 2419 et
377 2391 646 2418 successores
683 2378 758 2426 sui,
798 2379 1118 2431 imperpetuum
1157 2377 1349 2418 habeant
1385 2385 1558 2418 retorna
1595 2378 1790 2417 omnium
1829 2378 2024 2418 brevium

304 2457 549 2492 nostrorum
584 2458 627 2492 et
660 2451 869 2492 heredum
905 2459 1163 2501 nostrorum,
1198 2465 1247 2491 ac
1281 2452 1673 2491 summonitionum
1708 2452 1762 2491 de
1798 2451 2026 2493 Scaccario

304 2530 452 2565 nostro
494 2531 536 2564 et
577 2524 786 2564 heredum
830 2531 1089 2574 nostrorum,
1133 2532 1175 2565 et
1220 2525 1565 2565 attachiamenta
1616 2531 1706 2565 tam
1749 2525 1803 2565 de
1855 2525 2025 2578 placitis

305 2598 504 2639 Coronae
529 2611 661 2650 quarn
692 2598 746 2637 de
776 2597 868 2637 aliis
898 2598 1246 2651 quibuscumque
1276 2599 1317 2638 in
1348 2598 1470 2638 terris
1500 2605 1542 2638 et
1575 2597 1712 2638 feodis
1746 2598 1872 2638 villae
1903 2612 2024 2651 prae-

303 2670 455 2719 dictae,
497 2684 547 2710 ac
587 2671 870 2711 executiones
916 2672 1153 2712 eorundem
1201 2672 1396 2711 brevium
1440 2678 1482 2712 et
1524 2672 1928 2720 summonitionum,
1970 2672 2025 2712 de

302 2744 515 2793 omnibus,
539 2757 651 2797 quae
673 2743 782 2784 infra
805 2744 1050 2785 libertatem
1081 2745 1350 2798 praedictam
1381 2750 1625 2797 emergent3
1658 2745 1719 2784 ita
1741 2745 1858 2797 quod
1882 2744 2024 2785 nullus

303 2818 543 2857 vicecomes
578 2823 652 2857 aut
687 2817 794 2856 alius
830 2817 1014 2858 ballivus
1046 2832 1121 2858 seu
1156 2818 1351 2858 minister
1383 2824 1530 2858 noster
1558 2817 1625 2857 vel
1662 2818 1871 2858 heredum
1906 2825 2024 2858 nost-

303 2904 447 2930 rorum
487 2890 732 2930 libertatem
770 2891 1040 2942 praedictam
1079 2891 1346 2944 ingrediatur
1379 2892 1433 2931 ad
1471 2891 1753 2931 executiones
1785 2891 2023 2931 eorundem

302 2963 497 3004 brevium
521 2969 563 3003 et
586 2964 990 3013 summonitionum,
1013 2978 1087 3004 seu
1110 2965 1165 3004 ad
1189 2964 1534 3005 attachiamenta
1555 2965 1610 3004 de
1631 2964 1801 3017 placitis
1825 2965 2024 3006 Coronae

302 3037 369 3076 vel
399 3036 492 3076 aliis
521 3037 764 3089 praedictis,
788 3043 862 3077 aut
892 3037 1069 3090 aliquod
1099 3038 1215 3077 aliud
1246 3037 1437 3077 officium
1462 3038 1623 3077 ibidem
1653 3037 1912 3085 faciendum,
1942 3036 2023 3076 nisi

302 3110 345 3150 in
375 3110 547 3150 defectu
577 3111 769 3163 ipsorum
802 3110 994 3163 Majoris,
1020 3111 1284 3151 Ballivorum
1315 3118 1357 3152 et
1391 3111 1690 3164 Burgensium,
1714 3111 1922 3151 heredum
1955 3109 2022 3149 vel

303 3196 599 3223 successorum
623 3196 810 3222 suorum.

391 3256 696 3298 Concessimus
749 3256 892 3303 etiarn,
937 3271 1014 3308 pro
1058 3257 1181 3296 nobis
1224 3265 1267 3297 et
1308 3256 1539 3297 heredibus
1586 3256 1754 3305 nostris,
1797 3270 1853 3296 ex
1905 3263 2022 3297 certa

303 3330 481 3370 scientia
520 3336 677 3377 nostra,
713 3336 754 3368 et
790 3329 843 3368 de
882 3342 1059 3369 assensu
1103 3329 1337 3381 praedicto,
1372 3330 1535 3369 eisdem
1567 3329 1736 3382 Majori,
1772 3328 1946 3369 Ballivis
1980 3336 2023 3369 et
