2165 3835
263 419 345 448 200
525 414 743 446 RECORDS
776 414 836 446 OF
868 413 968 445 THE
1000 415 1235 447 BOROUGH
1268 415 1328 447 OF
1363 414 1710 446 NOTTINGHAM.
1845 405 1973 458 [1448

263 551 558 579 successorum
589 544 846 587 nostrorum,
869 538 924 578 de
954 539 1111 587 Banco,
1135 545 1177 579 et
1206 551 1351 578 coram
1381 537 1631 580 Senescallo
1653 543 1696 577 et
1719 537 1977 577 Marescallo

265 627 340 654 seu
374 613 541 655 Clerico
570 613 752 654 Mercati
786 613 1001 666 Hospitii1
1036 614 1182 662 nostri,
1215 613 1422 653 heredum
1456 619 1498 652 et
1531 625 1826 651 successorum
1860 618 1978 651 nost-

261 701 416 737 rorum,
439 688 512 741 qui
544 701 622 740 pro
651 694 848 740 tempore
875 686 1042 737 fuerint,
1066 694 1108 727 et
1139 687 1179 726 in
1211 686 1303 726 aliis
1335 686 1474 727 Curiis
1504 685 1672 734 nostris,
1696 684 1905 725 heredum
1936 691 1979 725 et

260 774 556 802 successorum
580 767 837 809 nostrorum,
856 761 1213 813 quibuscumque,
1237 767 1279 800 et
1302 773 1447 800 coram
1470 760 1721 812 justitiariis
1747 759 1978 799 Itinerant-

260 836 355 876 ibus
385 835 439 876 ad
464 835 727 877 Communia
758 834 921 875 Placita
949 848 1023 875 seu
1054 835 1108 875 ad
1134 835 1297 874 Placita
1329 835 1544 882 Forestae,
1568 840 1610 874 et
1633 833 1978 886 quibuscumque

261 909 354 950 aliis
389 909 640 962 Justitiariis
676 915 718 949 et
757 909 961 949 ministris
999 909 1166 958 nostris,
1202 909 1409 949 heredum
1448 915 1490 949 et
1527 921 1823 949 successorum
1862 914 1979 948 nost-

262 999 417 1035 rorum,
440 992 530 1026 tam
561 985 602 1025 in
634 985 878 1038 praesentia
907 992 1064 1034 nostra,
1088 985 1296 1026 heredum
1328 992 1370 1025 et
1400 998 1697 1025 successorum
1721 991 1980 1032 nostrorum,

261 1074 392 1113 quam
413 1060 454 1099 in
478 1059 676 1100 absentia
698 1066 855 1108 nostra,
879 1059 1087 1099 heredum
1112 1066 1154 1100 et
1176 1072 1473 1099 successorum
1498 1065 1764 1099 nostrorum:
1797 1064 1840 1098 et
1863 1058 1980 1110 quod

262 1134 342 1187 ipsi
366 1147 441 1187 per
463 1147 508 1174 se
536 1133 601 1173 vel
626 1147 700 1186 per
730 1134 949 1174 ministros
976 1147 1076 1173 suos
1099 1135 1246 1173 omnia
1270 1133 1386 1182 fines,
1410 1133 1758 1181 amerciamenta,
1783 1133 1981 1185 redemp-

262 1209 413 1257 tiones,
451 1207 607 1256 exitus,
645 1207 1024 1260 forisfacturasque
1062 1207 1322 1260 hujusmodi,
1362 1214 1403 1247 et
1446 1207 1603 1255 omnia,
1642 1220 1753 1259 quae
1796 1207 1849 1246 ad
1893 1220 1981 1255 nos,

263 1282 443 1323 heredes
472 1282 537 1322 vel
574 1295 842 1322 successores
877 1289 1058 1330 nostros,
1082 1282 1296 1334 pertinere
1330 1281 1549 1329 deberent,
1577 1281 1610 1320 si
1645 1293 1849 1333 praesens
1882 1293 1982 1320 con-

263 1357 400 1397 cessio
438 1363 586 1396 nostra
618 1355 732 1396 facta
769 1369 855 1395 non
890 1355 1050 1405 fuisset,
1084 1356 1234 1404 levare,
1269 1356 1499 1408 percipere,
1533 1361 1575 1395 et
1608 1354 1768 1394 habere
1804 1354 1983 1407 possint,

263 1431 355 1471 sine
396 1430 624 1470 occasione
667 1430 731 1470 vel
776 1430 1092 1482 impedimento
1135 1430 1278 1478 nostri,
1322 1430 1529 1469 heredum
1573 1429 1638 1468 vel
1686 1441 1983 1468 successorum

264 1511 522 1553 nostrorum,
556 1504 909 1557 Justitiariorum,
949 1504 1246 1552 Escaetorum,
1281 1503 1615 1551 Vicecomitum‚
1652 1503 1984 1551 Coronatorum,

265 1586 340 1620 aut
363 1579 544 1619 aliorum
568 1578 825 1618 ballivorum
849 1592 923 1618 seu
947 1578 1242 1618 ministrorum
1267 1584 1513 1618 nostrorum
1538 1590 1922 1630 quorumcumque.

354 1653 411 1693 Et
448 1652 636 1701 ulterius,
675 1666 730 1692 ex
770 1666 888 1692 mero
926 1659 1047 1692 motu
1090 1658 1132 1692 et
1170 1658 1285 1692 certa
1328 1652 1508 1692 scientia
1546 1652 1703 1692 nostris
1741 1651 1984 1704 praedictis,

265 1727 568 1776 concessimus,
593 1740 670 1779 pro
705 1726 839 1775 nobis,
863 1726 1094 1766 heredibus
1129 1733 1171 1766 et
1203 1726 1522 1766 successoribus
1553 1726 1710 1766 nostris
1740 1725 1984 1778 praedictis,

265 1801 470 1854 praefatis
513 1814 627 1841 nunc
678 1801 972 1853 Burgensibus
1015 1801 1157 1840 dictae
1206 1800 1331 1840 villae
1382 1800 1695 1852 Notyngham'‚
1739 1813 1786 1839 ac
1836 1813 1984 1839 eorum

265 1875 496 1916 heredibus
530 1881 572 1915 et
607 1875 924 1915 successoribus
960 1875 1292 1927 imperpetuum,
1328 1875 1445 1927 quod
1481 1875 1610 1914 iidem
1648 1875 1903 1927 Burgenses,
1937 1887 1985 1913 ac

265 1963 413 1990 eorum
449 1949 628 1989 heredes
664 1955 706 1989 et
740 1963 1018 1997 successores,
1042 1949 1096 1988 de
1129 1955 1326 2001 tempore
1356 1949 1396 1987 in
1428 1955 1601 2000 tempus
1631 1948 1788 2000 eligere
1818 1948 1986 2000 possint

266 2024 320 2064 de
353 2037 398 2063 se
433 2023 535 2076 ipsis
573 2029 740 2075 septem
779 2023 1116 2071 Aldermannos,
1147 2036 1331 2075 quorum
1367 2023 1542 2074 quidem
1583 2022 1984 2062 Aldermannorum

266 2111 376 2138 unus
399 2110 570 2150 semper
592 2097 633 2136 in
659 2096 873 2150 Majorem
897 2097 1024 2136 villae
1047 2097 1158 2136 illius
1189 2097 1372 2149 eligatur
1395 2111 1442 2136 ac
1475 2096 1619 2149 Major
1641 2096 1837 2149 ejusdem
1860 2095 1987 2135 villae

267 2172 449 2212 existat:
500 2172 572 2224 qui
615 2171 791 2223 quidem
835 2170 1125 2210 Aldermanni
1175 2171 1233 2210 sic
1283 2171 1406 2211 electi
1450 2171 1491 2210 in
1541 2171 1791 2223 hujusmodi
1834 2168 1986 2209 officiis

266 2245 668 2286 Aldermannorum
711 2244 906 2297 ejusdem
949 2245 1075 2284 villae
1117 2246 1301 2286 durante
1344 2246 1432 2286 vita
1484 2259 1561 2285 sua
1612 2251 1898 2298 permaneant
1945 2250 1987 2284 et

267 2319 471 2368 existant,
495 2326 537 2359 et
559 2318 741 2372 quilibet
773 2332 922 2358 eorum
956 2326 1210 2371 permaneat
1237 2326 1278 2360 et
1309 2320 1482 2368 existat,
1507 2319 1587 2359 nisi
1618 2320 1709 2372 ipsi,
1733 2326 1807 2359 aut
1837 2332 1986 2359 eorum

268 2393 433 2446 aliquis,
457 2406 532 2445 per
560 2405 683 2432 suam
718 2392 949 2445 specialem
981 2393 1306 2445 requisitionem
1337 2394 1517 2434 residuis
1547 2393 1835 2446 burgensibus
1861 2393 1987 2433 villae

269 2467 381 2507 illius
410 2481 489 2520 pro
510 2473 707 2519 tempore
737 2466 1027 2507 existentibus
1050 2466 1306 2516 faciendam,
1331 2482 1404 2508 seu
1435 2474 1612 2520 propter
1641 2467 1831 2521 aliquam
1865 2474 1987 2507 nota-

268 2540 400 2581 bilem
453 2553 628 2580 causam
681 2539 736 2579 ab
788 2539 1116 2581 Aldermanniis
1168 2542 1254 2582 suis
1301 2556 1375 2582 seu
1417 2542 1738 2582 Aldermannia
1785 2556 1863 2583 sua
1913 2556 1989 2594 per

271 2615 485 2667 Majorem
523 2620 566 2654 et
604 2614 847 2666 Burgenses
880 2614 1006 2654 villae
1038 2614 1150 2655 illius
1184 2630 1263 2668 pro
1295 2623 1492 2669 tempore
1529 2617 1768 2657 existentes
1805 2615 1987 2656 ammoti

270 2687 438 2737 fuerint,
474 2701 548 2727 seu
591 2694 810 2728 ammotus
848 2687 994 2738 fuerit;
1041 2696 1083 2729 et
1120 2691 1248 2742 quod,
1287 2690 1461 2731 obiente
1503 2704 1577 2731 seu
1615 2691 1989 2743 qualitercumque

269 2762 508 2802 decedente
530 2762 596 2802 vel
630 2769 826 2802 ammoto
858 2763 1109 2816 hujusmodi
1143 2764 1450 2804 Aldermanno
1480 2765 1534 2805 ab
1556 2764 1700 2805 officio
1730 2778 1807 2805 suo
1830 2764 1988 2805 Alder—

272 2837 483 2885 manniae,
518 2836 709 2876 habeant
740 2836 884 2889 Major
920 2844 962 2877 et
1002 2838 1245 2890 Burgenses
1282 2839 1477 2891 ejusdem
1513 2839 1640 2879 villae
1677 2853 1754 2892 pro
1791 2846 1989 2892 tempore

271 2910 522 2959 existenteS,
559 2924 608 2950 ac
650 2924 798 2950 eorum
836 2911 1015 2951 heredes
1053 2919 1094 2952 et
1137 2926 1404 2952 successores
1442 2914 1775 2966 imperpetuum,
1813 2913 1987 2966 plenam

272 2990 535 3036 potestatem
566 2991 607 3024 et
637 2985 940 3025 auctoritatem
972 2992 1120 3025 tenore
1150 2988 1444 3039 praesentium
1475 2987 1662 3040 eligendi
1693 3001 1826 3027 unum
1855 2987 1987 3027 alium

272 3058 531 3111 burgensem
556 3059 609 3098 de
632 3071 676 3097 se
698 3059 800 3111 ipsis
825 3059 865 3098 in
889 3059 1241 3101 Aldermannum
1265 3061 1391 3101 villae
1415 3061 1526 3101 illius
1556 3061 1651 3101 loco
1674 3062 1808 3114 ipsius
1831 3061 1988 3101 Alder—

273 3132 420 3172 manni
462 3132 521 3172 sic
563 3132 759 3180 obientis,
797 3133 1059 3182 decedentis,
1097 3134 1163 3174 vel
1202 3136 1395 3184 ammoti,
1434 3142 1476 3175 et
1512 3136 1572 3175 sic
1609 3136 1663 3176 de
1705 3142 1903 3188 tempore
1945 3135 1988 3174 in

274 3212 447 3258 tempus
479 3206 800 3258 imperpetuum
833 3207 1018 3256 obiente,
1051 3208 1301 3257 decedente,
1334 3209 1400 3248 vel
1433 3215 1630 3249 ammoto
1664 3210 1810 3262 aliquo
1841 3209 1988 3262 hujus-

276 3279 393 3319 modi
441 3278 745 3319 Aldermanno
794 3280 920 3320 villae
965 3281 1076 3321 illius
1119 3282 1160 3321 in
1205 3281 1344 3323 forma
1391 3297 1522 3336 supra
1563 3284 1688 3324 dicta.
1771 3283 1830 3324 Et
1871 3283 1988 3336 quod

276 3353 563 3393 Aldermanni
606 3353 800 3405 ejusdem
838 3354 965 3394 villae
1001 3369 1078 3407 pro
1115 3363 1312 3408 tempore
1354 3357 1593 3397 existentes
1635 3358 1720 3397 sint
1760 3357 1987 3409 Justitiarii
