2165 3835
286 415 340 456 74
552 417 770 448 RECORDs
804 418 863 450 01⁵
897 418 997 449 THE
1031 420 1267 451 BOROUGH
1301 420 1361 451 or
1396 419 1744 451 No'rTINGHAM.
1881 412 2005 466 [1411

372 538 420 576 In
457 539 606 590 primis
642 539 740 593 lego
777 541 969 581 animam
1010 555 1152 582 meam
1190 542 1497 595 Omnipotenti
1535 543 1632 583 Deo
1668 531 1862 584 Creatori
1897 557 2005 593 meo,

282 610 368 664 Qui
403 612 552 652 omnia
585 626 641 653 ex
674 613 834 654 nichilo
867 615 1026 656 creavit
1059 622 1102 656 et
1134 615 1357 656 hominem
1396 617 1450 656 ad
1487 616 1740 669 ymaginem
1779 623 1822 657 et
1858 617 2006 658 simili-

281 683 477 724 tudinem
513 685 648 727 Suam
679 687 734 726 de
764 686 867 728 fimo
902 695 1040 729 terrae
1076 689 1320 742 plasmavit,
1352 704 1400 730 ac
1436 690 1682 742 praecelsae
1716 697 1757 731 et
1792 691 2006 744 gloriosae

280 757 449 810 Virgini
487 765 529 799 et
569 760 699 801 Matri
740 762 856 802 Suae
899 763 1076 811 Mariae,
1111 770 1153 803 et
1195 764 1399 804 omnibus
1441 764 1603 805 sanctis
1640 771 1682 805 et
1725 764 1872 805 electis
1913 766 2007 816 Dei,

279 844 463 883 quorum
500 834 663 874 meritis
697 842 739 875 et
775 836 1156 877 intercessionibus
1189 837 1484 890 gubernamur
1518 838 1559 878 in
1595 838 1739 888 terris;
1773 846 1816 879 et
1851 853 2007 892 corpus

279 920 424 946 meum
458 907 775 949 ecclesiasticae
808 911 1056 963 sepulturae
1087 912 1128 951 in
1161 912 1341 964 Capella
1373 912 1600 953 Gloriosae
1630 912 1822 965 Virginis
1853 919 1895 953 et
1924 913 2006 954 Dei

277 980 508 1021 Genitricis
552 983 719 1023 Mariae
772 984 812 1024 in
869 985 1065 1025 Ecclesia
1119 986 1241 1026 Beati
1298 987 1409 1026 Petri
1466 986 1826 1039 Notynghamiae
1874 986 2007 1039 juxta

279 1054 511 1095 Isabellam
542 1057 766 1108 quondam
801 1071 985 1099 uxorem
1021 1072 1174 1099 meam.
1253 1060 1365 1100 Item
1400 1059 1507 1112 lego,
1544 1060 1721 1100 nomine
1753 1060 2005 1114 principalis

276 1129 370 1177 mei,
395 1142 540 1170 meum
564 1131 781 1183 optimum
806 1146 966 1185 equum
997 1147 1096 1173 cum
1121 1147 1199 1173 suo
1222 1140 1445 1186 apparatu.
1512 1134 1623 1174 Item
1648 1133 1746 1187 lego
1768 1134 2002 1175 duodecim

275 1202 404 1243 libras
437 1217 560 1244 cerac
590 1205 909 1247 comburendas
940 1207 1052 1247 circa
1085 1221 1241 1260 corpus
1272 1221 1418 1247 meum
1449 1207 1490 1247 in
1522 1208 1720 1260 exequiis
1751 1209 1858 1248 meis
1889 1209 2003 1249 acin

273 1277 342 1317 die
373 1279 621 1332 sepulturae
651 1294 783 1322 meae.
850 1282 962 1322 Item
997 1282 1095 1335 lego
1128 1282 1316 1323 fabricae
1349 1282 1555 1323 ecclesiae
1589 1296 1711 1323 meae
1744 1283 2004 1336 parochialis

276 1352 397 1392 Beati
425 1353 537 1393 Petri
561 1368 691 1408 supra
709 1356 863 1405 dictae,
887 1357 1118 1397 tresdecim
1142 1356 1304 1397 solidos
1328 1363 1370 1397 et
1388 1363 1576 1409 quatuor
1597 1357 1798 1397 denarios
1822 1357 2001 1410 argenti.

275 1427 387 1466 Item
412 1427 469 1467 do
499 1434 540 1468 et
572 1428 669 1481 lego
700 1429 740 1469 in
766 1430 1074 1471 distributione
1104 1430 1367 1484 pauperibus
1392 1430 1590 1470 facienda
1620 1444 1698 1483 pro
1728 1431 1876 1471 anima
1905 1444 2003 1471 mea

272 1507 313 1541 et
347 1501 576 1542 animabus
606 1504 803 1544 omnium
829 1503 1021 1545 fidelium
1055 1504 1137 1545 Dei
1168 1504 1485 1552 defunctorum,
1516 1504 1809 1557 quadraginta
1837 1504 2000 1545 solidos

271 1575 449 1627 argenti.
515 1576 627 1616 Item
658 1578 715 1617 do
747 1584 790 1618 et
823 1578 921 1631 lego
953 1579 1127 1619 cuidam
1160 1579 1336 1631 ydoneo
1365 1578 1592 1631 capellano
1621 1578 1764 1619 bonae
1786 1578 1929 1620 famae
1958 1586 2001 1621 et

270 1649 488 1701 opinionis
526 1664 575 1690 ac
618 1650 828 1692 honestae
871 1653 1224 1701 conversationis,
1263 1652 1410 1693 divina
1448 1666 1524 1705 per
1561 1666 1694 1693 unum
1734 1667 1897 1694 annum
1936 1653 1999 1694 in-

270 1732 439 1777 tegrum
478 1726 750 1767 celebraturo
787 1741 865 1781 pro
903 1728 1050 1768 anima
1088 1742 1185 1769 mea
1227 1735 1269 1768 et
1307 1728 1537 1768 animabus
1574 1727 1771 1768 omnium
1806 1727 1998 1769 fidelium

272 1799 352 1839 Dei
396 1799 714 1849 defunctorum,
748 1815 824 1854 per
864 1803 1172 1843 discretionem
1216 1809 1501 1843 executorum
1547 1815 1742 1842 meorum
1786 1802 1999 1856 eligendo,

268 1880 457 1925 quatuor
491 1874 620 1914 libras
663 1876 892 1916 tresdecim
928 1876 1090 1927 solidos
1122 1884 1163 1917 ct
1193 1884 1381 1930 quatuor
1410 1876 1611 1917 denarios
1642 1876 1820 1929 argenti.
1887 1877 1998 1917 Item

268 1947 325 1986 do
358 1954 400 1988 et
434 1947 531 2000 lego
566 1948 760 1989 Domino
796 1950 970 2003 Rogero
1002 1951 1175 1996 Bottall,
1199 1951 1436 2004 capellano,
1461 1951 1739 1991 armilausam
1772 1965 1914 1991 meam
1945 1952 2000 1992 de

269 2021 401 2061 rubeo
424 2035 572 2074 panno
595 2022 766 2064 factam.
833 2025 945 2065 Item
969 2025 1026 2065 do
1049 2032 1091 2066 et
1122 2025 1219 2078 lego
1251 2025 1464 2066 Isabellae
1493 2025 1846 2077 consanguineae
1875 2038 1999 2065 meae

268 2095 420 2147 viginti
444 2096 607 2136 solidos
631 2098 808 2150 argenti.

356 2170 467 2209 Item
492 2171 549 2210 do
582 2177 624 2211 et
657 2171 765 2224 lego,
789 2174 993 2222 concedo,
1018 2187 1067 2214 ac
1100 2174 1316 2226 praesenti
1350 2180 1616 2214 testamento
1649 2187 1748 2213 meo
1777 2172 1996 2226 tripartito

266 2243 494 2284 indentato
531 2244 753 2295 confirmo,
790 2247 981 2299 Johanni
1017 2248 1086 2287 del
1128 2247 1260 2296 Heth,
1295 2248 1350 2287 de
1386 2246 1687 2300 Notyngham‚
1722 2247 1918 2300 (impona
1953 2254 1996 2288 et

267 2318 452 2370 Symoni
489 2318 884 2369 Ilkeston‚712ercer,
915 2322 1223 2362 executoribus
1257 2321 1374 2370 meis,
1398 2321 1569 2360 diversa
1601 2320 1835 2373 mesuagia,
1859 2327 1994 2361 terras

264 2398 307 2432 et
337 2399 589 2433 tenementa
620 2407 716 2434 mea
740 2395 779 2434 in
814 2395 1102 2448 Notyngham
1135 2396 1389 2449 subscripta,
1413 2409 1489 2448 per
1520 2395 1637 2447 ipsos
1668 2394 1917 2447 Johannem
1951 2401 1994 2436 et

266 2466 509 2518 Symonem
543 2468 774 2509 vendenda
804 2469 857 2509 ad
890 2483 1037 2509 eorum
1071 2469 1315 2509 maximum
1346 2469 1537 2509 valorem
1561 2468 1910 2522 quibuscumque
1932 2468 1992 2509 eis

265 2539 417 2579 melius
451 2540 668 2581 videbitur
700 2543 919 2595 expedire,
953 2543 1007 2583 ad
1042 2544 1169 2584 istam
1209 2557 1352 2583 meam
1389 2543 1588 2584 ultimam
1625 2542 1896 2583 voluntatem
1930 2543 1992 2582 in-

264 2619 384 2666 tegre
422 2620 464 2654 et
507 2614 634 2666 plene
676 2616 1024 2669 perimplendam
1068 2624 1110 2658 et
1152 2618 1301 2658 debita
1345 2631 1441 2657 mea
1479 2616 1663 2657 fideliter
1704 2616 1797 2666 illis,
1835 2616 1992 2669 quibus

263 2693 423 2736 teneor,
466 2689 766 2740 persolvenda,
811 2690 850 2729 in
895 2692 1255 2732 exonerationem
1301 2692 1474 2732 animae
1516 2705 1649 2740 meae,
1692 2705 1768 2744 per
1808 2690 1990 2731 deliber—

263 2760 454 2801 ationem
489 2761 661 2811 bonam,
693 2769 889 2816 tempore
922 2778 1009 2817 quo
1042 2765 1167 2806 citius
1201 2772 1417 2818 poterunt,
1450 2778 1526 2818 per
1557 2765 1828 2818 supervisum
1863 2764 1989 2805 amici

264 2835 346 2874 mei
371 2834 511 2875 intimi
535 2835 742 2876 willelmi
769 2838 940 2885 Stokes,
965 2839 1018 2878 de
1050 2840 1339 2892 Notyngham
1371 2840 1613 2892 praedicta:
1646 2838 1858 2887 videlicet,
1883 2838 1988 2879 illud

263 2908 546 2961 mesuagium,
571 2923 668 2950 cum
693 2912 896 2952 omnibus
927 2912 1133 2953 aedificiis
1163 2921 1206 2954 et
1236 2914 1507 2966 pertinentiis
1537 2914 1635 2963 suis,
1659 2920 1748 2954 tam
1781 2913 1989 2953 terraneis

262 2995 393 3034 quam
427 2982 728 3032 subterraneis,
762 2985 971 3026 situatum
1010 2986 1051 3026 in
1086 2988 1277 3040 quadam
1315 2988 1385 3028 via
1422 2994 1577 3028 vocata
1614 2987 1675 3027 ‘le
1714 2987 1988 3038 Castelgate'

260 3056 388 3095 villae
414 3056 674 3108 praedictae,
694 3057 826 3110 juxta
855 3066 1156 3101 tenementum
1190 3061 1369 3101 Henrici
1393 3060 1591 3110 wilford,
1615 3061 1669 3101 de
1699 3060 1985 3113 Noffingham,

261 3129 470 3170 situatum
503 3144 632 3183 super
663 3145 886 3173 corneram
917 3134 1145 3187 cujusdam
1175 3135 1370 3175 venellae
1391 3135 1590 3175 ducentis
1619 3148 1644 3174 a
1666 3134 1735 3174 via
1763 3134 1986 3187 praedicta

262 3216 397 3255 usque
430 3204 650 3255 quendam
685 3205 828 3246 vicum
862 3214 1065 3248 vocatum
1105 3208 1166 3248 ‘le
1203 3209 1496 3262 Houndgate'
1530 3222 1586 3248 ex
1620 3215 1743 3261 parte
1774 3208 1984 3257 orientali,

261 3282 304 3316 et
344 3276 529 3316 situatur
571 3279 842 3329 praedictum
886 3281 1158 3334 mesuagium
1203 3283 1363 3322 ibidem
1407 3297 1463 3322 ex
1506 3282 1710 3335 opposito
1758 3282 1987 3323 Rectoriae

264 3350 485 3390 Ecclesiae
519 3352 778 3403 parochialis
814 3354 936 3395 Beati
972 3355 1172 3396 Nicholai
1204 3370 1350 3396 versus
1384 3363 1589 3404 austrum,
1619 3362 1661 3396 et
1694 3355 1898 3396 abbuttat
1931 3355 1985 3395 ad
