2165 3835
292 396 370 435 186
551 405 771 437 RECORDs
803 406 864 438 OF
897 407 997 437 THE
1030 407 1265 439 BOROUGH
1299 407 1359 440 OF
1393 407 1740 439 NOTTTNGHARL
1875 397 2005 452 {3448

284 527 553 579 praedictam
587 529 702 569 viam
733 530 926 582 quinque
958 530 1112 583 virgas,
1143 537 1185 570 et
1220 530 1423 570 abbuttat
1454 531 1507 570 ad
1543 543 1678 570 unum
1713 536 1845 583 caput
1878 544 2006 583 super

284 601 552 652 praedictam
590 603 705 643 viam
744 617 800 643 ex
838 610 961 656 parte
998 604 1196 644 orientali
1231 610 1274 645 et
1311 605 1365 644 ad
1404 604 1520 644 aliud
1556 611 1687 657 caput
1725 618 1854 657 super
1886 611 2004 645 tene-

284 680 481 715 mentum
525 676 724 717 Thomae
766 678 1060 731 VVyssynden,
1099 692 1235 731 nuper
1277 678 1485 718 Willelmi
1528 678 1746 730 WVhetley,
1784 692 1841 718 ex
1882 685 2005 731 parte

283 749 553 800 occidentali,
576 758 618 791 et
655 752 697 791 in
731 752 1005 804 longitudine
1039 753 1191 792 decem
1226 759 1267 792 ct
1302 759 1402 792 octo
1436 753 1578 805 virgas
1616 759 1658 792 et
1689 759 1789 793 octo
1827 752 2005 805 pollices

281 823 392 863 inter
423 830 724 866 tenementum
758 827 967 878 praedicti
1002 826 1202 866 Thomae
1234 826 1543 878 Whyssenden
1576 840 1633 866 ex
1666 833 1789 878 parte
1816 826 2004 876 australi,

281 903 324 937 et
365 903 666 940 tenementum
719 901 916 953 ejusdem
961 901 1161 941 Thomac
1210 914 1267 941 ex
1320 908 1442 954 parte
1493 901 1665 941 boriali:
1717 901 1921 942 habenda
1962 908 2005 942 et

281 973 472 1012 tenenda
505 974 654 1014 omnia
691 976 915 1027 praedicta
951 982 1085 1016 terras
1125 982 1167 1016 et
1199 982 1462 1024 tenementa,
1496 976 1701 1024 redditus
1739 975 2004 1015 reversiones

280 1051 322 1085 ct
355 1047 539 1096 servitia,
563 1054 698 1100 prata,
730 1063 891 1101 pascua
920 1055 962 1090 et
997 1056 1207 1102 pasturas,
1238 1063 1336 1090 cum
1372 1049 1575 1090 omnibus
1610 1050 1697 1090 suis
1731 1050 2004 1102 pertinentiis

279 1133 409 1172 supra
450 1122 588 1171 dictis,
631 1122 836 1175 praefatis
877 1124 1068 1175 Johanni
1106 1131 1149 1164 ct
1194 1124 1478 1164 Elizabethae
1520 1124 1574 1163 ad
1617 1123 1851 1163 terminum
1889 1124 2005 1164 vitae

278 1194 528 1245 eorundem,
552 1203 594 1236 et
625 1196 800 1237 alterius
834 1211 983 1237 eorum
1018 1198 1180 1238 diutius
1215 1197 1410 1246 viventis,
1433 1197 1488 1237 de
1522 1197 1782 1250 capitalibus
1814 1198 2003 1238 dominis

278 1267 504 1309 feodorum
538 1270 708 1311 illorum
744 1271 838 1324 [per
869 1272 1061 1324 servitia]
1095 1273 1195 1312 inde
1224 1272 1373 1312 debita
1407 1278 1450 1312 et
1482 1272 1537 1312 de
1567 1272 1662 1324 jure
1696 1278 1926 1322 consueta;
1961 1278 2004 1312 et

277 1349 377 1394 post
418 1343 645 1385 decessum
689 1346 881 1398 ipsorum
924 1346 1139 1398 Johannis
1182 1353 1224 1386 et
1269 1346 1553 1387 Elizabethae
1595 1347 1744 1387 omnia
1785 1354 1919 1387 terras
1961 1353 2004 1388 et

276 1422 539 1467 tenementa‚
563 1419 769 1467 redditus,
794 1420 1059 1460 reversiones
1089 1427 1131 1461 et
1160 1421 1344 1470 servitia,
1368 1428 1503 1474 prata,
1527 1434 1690 1473 pascua
1718 1427 1760 1461 et
1790 1428 2002 1474 pasturas,

276 1504 373 1531 cum
397 1492 601 1532 omnibus
625 1494 896 1545 pertinentiis
920 1495 1006 1535 suis
1030 1509 1160 1548 supra
1182 1495 1319 1545 dictis,
1343 1496 1510 1547 integre
1533 1501 1788 1535 remaneant
1809 1495 2001 1548 Johanni

278 1565 472 1606 Ill<eston
501 1574 543 1607 et
566 1567 737 1608 Aliciae
763 1570 889 1609 uxori
913 1570 1015 1622 ejus,
1039 1576 1082 1610 et
1105 1569 1336 1610 heredibus
1367 1570 1478 1610 inter
1507 1570 1649 1622 ipsum
1678 1569 1928 1622 Johannem
1959 1576 2002 1610 et

275 1639 465 1680 Aliciam
496 1641 690 1694 legitime
719 1644 966 1695 procreatis,
990 1644 1044 1684 de
1073 1644 1333 1697 capitalibus
1360 1643 1549 1684 dominis
1572 1642 1798 1683 feodorum
1829 1643 1999 1684 illorum

274 1728 351 1766 per
381 1716 555 1756 servitia
585 1716 686 1756 inde
709 1717 857 1757 debita
886 1725 929 1758 et
951 1718 1006 1758 de
1034 1718 1130 1770 jure
1153 1717 1410 1771 [consueta]‚
1434 1718 1766 1770 imperpetuum.
1832 1718 1890 1758 Et
1919 1732 2001 1771 ego

274 1802 375 1828 vero
398 1790 645 1842 praedictus
676 1791 923 1831 Willelmus
946 1792 1180 1845 WVhetelcy
1203 1799 1245 1833 et
1274 1793 1454 1833 heredes
1486 1792 1569 1832 mei
1599 1792 1748 1832 omnia
1778 1793 2002 1845 praedicta

274 1869 408 1902 terras
431 1870 473 1903 et
496 1869 758 1913 tenementa,
783 1872 918 1917 prata,
942 1880 1104 1919 pascua
1133 1874 1174 1907 et
1205 1874 1415 1919 pasturas,
1439 1867 1644 1915 redditus,
1668 1868 1933 1908 reversiones
1956 1874 1999 1908 et

273 1937 456 1986 servitia,
499 1945 634 1991 prata,
678 1952 841 1991 pascua
882 1946 923 1980 et
962 1948 1172 1993 pasturas,
1211 1955 1308 1981 cum
1351 1941 1555 1982 omnibus
1597 1941 1870 1994 pertinentiis
1912 1943 2000 1983 suis

273 2025 402 2064 supra
443 2012 581 2061 dictis,
623 2013 820 2066 praefato
861 2015 1052 2068 Johanni
1096 2022 1139 2055 et
1183 2016 1466 2056 Elizabethae
1508 2016 1562 2056 ad
1605 2016 1840 2056 terminum
1883 2017 1999 2057 vitae

271 2087 521 2136 eorundem,
572 2094 614 2127 et
663 2088 838 2129 alterius
887 2102 1036 2129 eorum
1087 2090 1248 2130 diutius
1298 2091 1493 2139 viventis,
1536 2097 1578 2131 et
1627 2098 1727 2143 post
1768 2092 1996 2131 decessum

271 2160 464 2212 ipsorum
496 2161 710 2214 Johannis
741 2170 784 2203 et
818 2163 1101 2204 Elizabethae
1134 2165 1325 2217 Johanni
1362 2165 1556 2205 Ilkeston
1593 2172 1636 2205 et
1668 2164 1838 2205 Aliciae
1871 2165 1997 2206 uxori

272 2234 375 2287 ejus,
399 2242 441 2276 et
463 2236 695 2276 heredibus
719 2237 830 2277 inter
853 2238 970 2290 ipsos
994 2238 1188 2291 legitime
1210 2239 1457 2292 procreatis,
1481 2244 1632 2279 contra
1661 2252 1814 2279 omnes
1844 2245 1997 2292 gentes

270 2310 650 2351 warantizabimus
692 2318 735 2351 et
777 2311 1064 2352 defendemus
1114 2313 1435 2366 imperpetuum
1483 2327 1559 2366 per
1600 2319 1859 2366 praesentes.
1944 2314 1994 2354 In

271 2384 393 2436 cujus
430 2385 489 2425 rei
526 2386 828 2426 testimonium
866 2386 965 2426 huic
1003 2389 1220 2440 praesenti
1263 2394 1408 2429 cartae
1451 2402 1574 2428 meae
1615 2388 1805 2441 sigillum
1849 2401 1995 2428 meum

270 2459 463 2511 apposui.
530 2460 628 2500 Hiis
663 2460 867 2500 testibus:
904 2461 1102 2502 Galfrido
1139 2462 1391 2515 Knyveton‚
1426 2463 1595 2516 Majore
1629 2462 1756 2502 villae
1790 2462 1995 2516 Notyng-

269 2533 452 2584 hamiae,
474 2535 677 2588 Johanne
701 2535 903 2588 Serjeant
933 2543 975 2576 et
1004 2536 1207 2589 Johanne
1240 2537 1398 2586 Dok-et,
1425 2537 1601 2577 Ballivis
1630 2536 1826 2589 ejusdem
1856 2536 1994 2585 villae,

269 2608 445 2648 Thoma
466 2608 652 2658 Alestre,
677 2610 901 2650 willelmo
925 2610 981 2650 W
1013 2644 1019 2650 .
1053 2644 1059 2650 .
1094 2644 1099 2651 .
1135 2645 1141 2659 ,
1166 2613 1220 2652 dc
1243 2613 1409 2661 eadem,
1433 2619 1475 2652 et
1498 2612 1646 2652 multis
1669 2611 1772 2651 aliis.
1827 2611 1993 2651 Datum

269 2683 386 2734 apud
422 2683 724 2736 Notyngham‚
754 2691 911 2725 octavo
944 2685 1014 2725 die
1052 2686 1211 2726 mensis
1252 2686 1517 2735 Decembris,
1551 2699 1667 2726 anno
1704 2686 1824 2738 regni
1861 2685 1994 2738 Regis

272 2757 451 2797 chrici
477 2758 604 2799 Sexti
627 2765 727 2810 post
751 2760 1081 2813 Conquaestum
1106 2760 1297 2813 Angliae
1319 2761 1525 2801 vicesimo
1548 2760 1712 2813 quinto,
1735 2760 1825 2800 etc.’

1735 2834 1990 2885 1336,ro.4.

687 3096 1099 3138 XCVL—Clmrm
1117 3097 1310 3149 (ffKl'ng
1328 3097 1478 3148 Hcm‘y
1512 3096 1580 3136 [fl.

966 3190 1081 3237 1448,
1104 3187 1218 3239 June
1242 3188 1302 3226 28.

356 3275 456 3315 Rex
480 3275 694 3324 omnibus,
718 3276 772 3315 ad
797 3289 915 3328 quos,
939 3283 1029 3326 etc.,
1053 3277 1248 3316 salutem.
1313 3275 1594 3328 Inspeximus
1617 3281 1781 3315 cartam
1807 3274 1987 3315 Domini

271 3348 459 3394 Hernici,
500 3362 635 3400 nuper
672 3349 803 3401 Regis
838 3349 1039 3402 Angliae‚
1074 3351 1208 3403 patris
1243 3350 1388 3398 nostri,
1424 3348 1583 3390 factam
1619 3350 1661 3388 in
1696 3349 1802 3389 haec
1837 3349 1988 3390 verba:
