2165 3835
261 389 343 429 274
525 387 743 419 RECORDS
775 387 836 419 OF
869 388 968 418 THE
1002 387 1236 419 BOROUGH
1271 388 1331 419 OF
1365 387 1713 419 NOTTINGHAM.
1850 377 1979 431 [1468

260 510 503 563 Burgensis.
586 509 831 550 Willelmus
887 511 1008 559 Hert,
1041 517 1258 563 peyntonr,
1301 511 1378 550 dat
1420 523 1498 562 pro
1549 509 1687 559 simili,
1732 523 1807 563 per

431 583 623 636 plegium
646 583 859 636 Johannis
884 584 1002 623 Bene
1024 591 1067 624 et
1092 584 1272 624 Roberti
1299 583 1643 636 Sempyngham.

260 658 503 710 Burgensis.
567 657 788 698 Galfridus
822 658 1038 707 Branhall,
1062 658 1246 707 millam»,
1270 671 1345 710 per
1374 657 1566 710 plegium
1595 657 1808 711 Johannis

432 732 537 784 Ody
558 738 600 772 et
622 732 835 784 Johannis
860 733 1043 785 Drapur.

260 807 502 860 Burgensis.
557 807 802 847 VVillelmus
826 807 952 860 Eyre,
974 806 1123 859 smytlz,
1147 820 1222 859 per
1244 806 1437 859 plegium
1461 805 1669 846 Willelmi
1694 807 1808 859 Wey

432 887 474 921 et
497 881 704 921 Willelmi
727 882 924 921 Watson.

261 955 478 996 Robertus
524 955 720 1003 Hanson,
759 968 833 1007 per
875 955 1067 1008 plegium
1108 954 1322 1007 Johannis
1359 953 1496 994 Alred
1539 961 1582 995 et
1626 954 1806 995 Roberti

435 1029 764 1081 Sempingham.

261 1102 473 1142 Ricardus
497 1102 693 1151 Colman,
717 1116 863 1151 wetsten
888 1103 963 1143 dat
986 1116 1064 1155 pro
1088 1102 1261 1143 licentia
1285 1103 1638 1143 marcandizandi
1671 1137 1676 1142 ,
1798 1136 1803 1142 .
1874 1102 1978 1155 xijd.

259 1177 504 1217 Willelmus
530 1177 670 1217 Boure
692 1177 768 1217 dat
791 1190 868 1229 pro
892 1176 1030 1225 simili,
1056 1177 1360 1230 iiijd.—soluti.

258 1250 504 1290 Willelmus
530 1251 677 1298 Ferne,
701 1250 884 1299 laillom‘,
908 1251 983 1291 dat
1008 1264 1085 1303 pro
1103 1251 1230 1290 simili
1293 1285 1297 1289 .
1419 1285 1424 1290 .
1546 1285 1551 1289 .
1673 1285 1678 1290 .
1799 1285 1805 1290 .
1918 1251 1979 1303 ijs.

259 1324 454 1364 Thomas
479 1325 691 1376 Styward‚
714 1324 862 1376 smytlc,
886 1325 962 1364 dat
985 1338 1062 1377 pro
1085 1325 1212 1365 simili
1289 1359 1293 1363 .
1416 1359 1420 1364 .
1543 1359 1547 1363 .
1670 1359 1675 1364 .
1796 1359 1801 1364 .
1894 1325 1978 1377 vjd.

261 1398 502 1451 Burgensis.
588 1398 800 1438 Ricardus
844 1398 1098 1451 Smythson‚
1140 1399 1302 1452 (imper,
1345 1401 1421 1439 dat
1463 1413 1541 1452 pro
1584 1399 1807 1439 libertate1

432 1485 509 1511 sua
542 1471 754 1520 habenda,
786 1486 860 1525 per
895 1473 1085 1525 plegium
1121 1474 1329 1514 willelmi
1365 1474 1499 1514 Trese
1533 1479 1575 1513 et
1609 1472 1810 1513 Thomae

434 1546 666 1598 Bechamp.

262 1620 479 1660 Robertus
503 1620 697 1660 Taillour
719 1621 794 1660 dat
817 1634 895 1673 pro
917 1621 1044 1660 simili
1164 1655 1169 1660 .
1290 1656 1295 1660 .
1417 1656 1422 1660 .
1544 1655 1549 1660 .
1671 1655 1675 1660 .
1797 1655 1802 1660 .
1880 1621 1979 1674 iiijd.

262 1694 478 1733 Henricus
504 1694 613 1734 Lere
635 1695 710 1734 dat
734 1708 811 1747 pro
835 1695 961 1734 simili
1036 1730 1040 1733 .
1163 1729 1167 1734 .
1289 1730 1294 1734 .
1417 1730 1421 1734 .
1543 1730 1548 1734 .
1670 1729 1675 1734 .
1797 1729 1802 1734 .
1874 1696 1978 1748 xijd.

259 1767 404 1807 Alicia
422 1767 650 1820 Chadwyk
781 1803 786 1807 .
909 1803 913 1808 .
1035 1803 1040 1808 .
1162 1804 1167 1808 .
1289 1804 1293 1808 .
1416 1804 1420 1808 .
1542 1804 1547 1808 .
1669 1804 1673 1808 .
1796 1804 1800 1808 .
1877 1769 1979 1822 iiijd.

262 1842 408 1882 Edeth
433 1841 613 1882 Flecher
655 1876 660 1881 .
784 1877 789 1881 .
910 1877 914 1881 .
1036 1877 1041 1882 .
1163 1877 1168 1882 .
1291 1877 1294 1881 .
1417 1877 1422 1882 .
1543 1878 1548 1882 .
1671 1878 1674 1882 .
1797 1877 1802 1882 .
1878 1843 1979 1895 iiijd.

261 1916 457 1956 Thomas
482 1917 702 1969 Langage.

260 1989 466 2041 Johanna
488 1990 645 2031 Guner.

262 2065 481 2117 Margeria
502 2064 646 2104 XVode
782 2098 788 2103 .
909 2098 914 2103 .
1036 2099 1040 2103 .
1163 2099 1167 2103 .
1289 2100 1294 2103 .
1416 2099 1420 2104 .
1545 2099 1549 2104 .
1671 2099 1676 2103 .
1798 2098 1803 2104 ,
1879 2064 1980 2117 iiijd.

259 2139 483 2191 Johannes
508 2139 680 2179 Plomer
701 2140 776 2179 dat
800 2153 877 2192 pro
900 2139 1026 2179 simili
1162 2173 1167 2178 .
1290 2174 1293 2177 .
1416 2173 1421 2178 .
1543 2173 1548 2178 .
1670 2173 1674 2177 .
1797 2172 1802 2177 .
1878 2139 1980 2191 iiijd.

1707 2224 1830 2263 4494,
1856 2227 1892 2265 P·
1920 2224 1980 2264 3¹-

618 2361 1073 2404 CXVI.-Scleclions
1084 2363 1206 2413 from
1230 2361 1296 2401 flac
1317 2361 1415 2401 Lr'st
1435 2362 1488 2413 of
1498 2361 1636 2401 Fines.

1042 2453 1205 2502 1467-8.

350 2558 521 2611 Plegius
539 2559 593 2598 de
612 2557 696 2598 fine
711 2558 925 2611 Johannis
945 2558 1135 2607 Daubes,
1154 2558 1207 2598 cle
1227 2558 1411 2606 Lenton,
1427 2571 1505 2610 pro
1524 2558 1730 2610 regratria
1747 2571 1981 2610 granorum

261 2635 303 2673 in
337 2633 557 2673 communi
591 2632 683 2671 foro
715 2639 817 2673 ante
848 2632 1139 2685 pulsationem
1174 2645 1414 2685 campanae
1443 2632 1497 2672 ad
1528 2632 1609 2672 hoc
1638 2632 1884 2685 deputatae,
1908 2647 1984 2685 per

261 2707 474 2760 plegium:
506 2706 752 2746 Willelmus
775 2706 983 2746 Thornes.
1033 2714 1036 2718 '

350 2781 483 2834 Plegii
507 2781 561 2820 de
584 2779 667 2820 fine
685 2780 893 2821 Willelmi
918 2780 1127 2821 Nicolson
1151 2794 1229 2833 pro
1251 2781 1460 2833 regratria
1476 2793 1730 2833 granorum:
1758 2780 1982 2832 Johannes

264 2854 436 2907 Smyth,
458 2854 512 2894 de
534 2854 754 2903 Wolaton‚
776 2854 999 2907 Johannes
1025 2854 1252 2907 Herdyng,
1275 2855 1330 2894 de
1353 2854 1652 2907 Notyngham.

350 2928 485 2981 Plegii
507 2928 562 2968 de
584 2927 668 2968 fine
692 2928 914 2969 Laurentii
939 2928 1100 2977 Scoles,
1123 2928 1177 2969 de
1201 2928 1377 2981 Rysley,
1401 2941 1479 2981 pro
1501 2928 1707 2980 regratria
1729 2941 1982 2981 granorum:

262 3016 338 3056 per
359 3002 552 3055 plegium
577 3002 781 3042 Edwardi
807 3002 942 3043 Hunt.
1737 3013 1860 3053 4494,
1884 3016 1920 3055 p.
1947 3003 1980 3042 8.

350 3076 420 3116 De
441 3075 663 3116 Willelmo
689 3076 864 3125 &Vellea
894 3076 949 3116 de
977 3076 1218 3126 Watnowe‚
1248 3082 1291 3117 et
1319 3076 1444 3116 sociis
1474 3076 1560 3116 suis
1590 3089 1668 3129 pro
1696 3076 1983 3129 occupatione

265 3150 508 3191 communis
532 3150 636 3190 soli2
659 3163 786 3202 super
809 3150 1081 3202 Tymberhill
1105 3163 1202 3190 cum
1215 3149 1357 3203 flekes,
1382 3148 1516 3201 xiiijd.

353 3225 420 3264 De
441 3224 642 3276 Johanne
662 3224 819 3273 Butler,
838 3225 892 3264 de
912 3224 1100 3273 Buhvell,
1120 3231 1161 3264 et
1180 3224 1305 3263 sociis
1328 3223 1414 3262 suis
1433 3236 1511 3275 pro
1528 3223 1655 3262 simili
1675 3223 1847 3272 ibidem,
1866 3223 1979 3276 viijd.

796 3342 803 3355 ¹
829 3339 914 3369 That
933 3339 969 3377 is,
986 3339 1040 3370 the
1056 3338 1201 3369 freedom
1219 3338 1256 3369 of
1269 3337 1323 3368 the
1341 3343 1439 3369 town.
