2165 3835
329 384 411 424 324
594 381 812 414 RECORDs
844 382 904 414 OF
936 382 1036 412 THE
1071 381 1304 413 BOROUGH
1338 381 1398 413 OF
1433 381 1781 413 NOTTINGHAM.
1919 371 2048 425 [1482

329 504 563 547 valentiam
587 506 716 546 trium
740 505 977 547 solidorum
1008 512 1049 546 et
1072 512 1259 558 quatuor
1281 504 1569 552 denariorum,
1593 505 1647 544 de
1669 504 1794 544 bonis
1818 510 1859 544 et
1882 503 2049 545 catallis

328 579 431 620 dicti
481 580 680 620 Thomae
723 580 881 633 Brigge
930 580 984 620 ad
1027 586 1130 620 tunc
1173 586 1216 620 et
1258 579 1419 620 ibidem
1463 579 1660 627 inventis,
1703 584 1855 618 contra
1896 591 2049 630 pacem

330 653 510 693 Domini
535 653 669 707 Regis
691 653 807 706 cepit
829 660 872 694 et
895 654 1163 706 asportavit.1

417 728 474 768 Et
506 728 667 777 dicunt,
691 728 807 781 quod
843 728 982 768 Elena
1015 728 1151 777 Scott,
1175 728 1229 768 de
1263 728 1509 775 Bradmeoe,
1534 727 1575 766 in
1608 727 1832 768 Comitatu
1863 727 2051 779 Noting-

328 801 453 850 ham’,
475 801 669 855 lmszcysffi
691 801 953 842 duodecimo
975 802 1045 841 die
1069 801 1186 850 Maii,
1210 815 1326 841 anno
1356 801 1474 854 regni
1508 800 1641 853 Regis
1667 801 1871 841 Edwardi
1895 800 2050 854 Quarti

329 875 534 915 vicesimo
556 876 780 924 secundo‚2
803 889 851 915 ac
881 875 974 915 aliis
997 875 1149 915 diebus
1177 881 1219 915 et
1248 875 1423 922 vicibus
1447 875 1737 914 communiter
1766 881 1808 914 et
1835 874 2052 923 usualiter,

329 951 445 1003 apud
481 950 753 1003 Notingham
788 950 1068 1003 praedictam,
1094 950 1342 1002 regratiavit
1375 963 1468 997 ova,
1492 950 1697 990 buturum
1731 955 1774 988 et
1804 948 1965 988 casium
1995 949 2048 988 ad

331 1030 569 1064 mercatum
598 1023 724 1063 villae
756 1024 1004 1076 praedictae
1037 1024 1237 1071 adducta,
1262 1030 1303 1063 et
1337 1037 1387 1063 ea
1420 1024 1574 1063 iterum
1602 1023 1643 1062 in
1675 1024 1829 1063 eodem
1858 1030 2050 1064 mercato

329 1098 535 1146 vendidit,
560 1097 600 1136 in
637 1111 842 1150 magnam
877 1097 1093 1136 caristiam
1128 1104 1169 1138 et
1202 1098 1513 1138 detrimentum
1549 1098 1697 1150 populi
1730 1098 1833 1138 dicti
1870 1098 2048 1138 Domini

333 1172 465 1225 Regis
488 1179 530 1212 et
553 1179 703 1212 contra
726 1185 878 1224 pacem
903 1185 1037 1220 suam,
1061 1178 1137 1212 etc.
1836 1183 1856 1223 3
1877 1185 1911 1221 a,
1935 1186 1990 1212 ro.
2017 1183 2048 1212 2.

415 1378 637 1430 Juratores
669 1392 725 1418 ex
759 1385 881 1431 parte
913 1378 1171 1418 occidentali
1205 1379 1365 1426 dicunt,
1397 1391 1524 1431 super
1556 1384 1878 1419 sacramentum
1915 1391 2051 1428 suum,

329 1454 445 1506 quod
483 1453 694 1493 Ricardus
729 1452 935 1505 Stringer,
966 1453 1021 1492 de
1054 1452 1340 1505 Notingham‚
1368 1452 1409 1492 in
1444 1452 1669 1494 Comitatu
1702 1451 1829 1492 villae
1863 1452 2052 1505 Noting-

330 1528 454 1576 ham',
487 1540 657 1579 yoman,
700 1533 742 1567 et
783 1526 1007 1580 Johannes
1050 1527 1257 1580 Marpuls,
1293 1527 1347 1567 de
1389 1526 1553 1567 eisdem
1597 1525 1697 1566 villa
1738 1532 1781 1566 et
1817 1526 2052 1575 Comitatu,

331 1600 499 1650 walker,
523 1601 728 1641 vicesimo
760 1606 916 1653 quarto
948 1601 1018 1641 die
1049 1600 1178 1654 Junii,
1202 1614 1318 1641 anno
1347 1601 1467 1653 regni
1500 1600 1634 1653 Regis
1669 1600 1873 1641 Edwardi
1897 1601 2052 1655 Quarti

330 1676 535 1716 vicesimo
567 1674 791 1723 secundo,3
813 1689 861 1715 ac
894 1674 1072 1715 diversis
1106 1675 1198 1715 aliis
1231 1675 1384 1716 diebus
1417 1681 1459 1716 et
1491 1675 1666 1724 vicibus
1690 1675 1982 1716 communiter
2011 1682 2054 1716 et

331 1750 546 1799 usualiter,
590 1750 657 1789 hic
710 1750 825 1802 apud
880 1749 1153 1801 Notingbam
1207 1749 1487 1802 praedictam,
1530 1756 1745 1802 vagantur
1793 1749 1933 1790 otiose
1974 1750 2050 1791 cir-

331 1837 606 1878 cumquaque
641 1824 681 1863 in
718 1823 872 1876 plateis
907 1830 948 1863 et
983 1823 1086 1863 vicis
1119 1824 1261 1864 dictae
1296 1824 1432 1870 villae,
1463 1830 1505 1864 et
1540 1824 1693 1864 nolunt
1726 1824 1922 1865 laborare
1956 1825 2055 1865 licet

331 1905 532 1952 potentes
567 1899 653 1938 sint
687 1898 727 1937 in
764 1911 943 1950 corpore
976 1899 1029 1938 ad
1064 1898 1384 1947 1ε11)οῑειι1(111111,4
1409 1899 1448 1937 in
1481 1899 1768 1951 pernisiosum
1799 1899 2052 1952 exemplum

333 1973 514 2014 aliorum
538 1973 759 2025 legeorum
783 1972 885 2012 dicti
911 1972 1090 2012 Domini
1118 1973 1250 2025 Regis
1273 1979 1313 2013 et
1339 1979 1490 2013 contra
1513 1986 1665 2025 pacem
1690 1986 1822 2013 suam.

421 2048 478 2088 Et
515 2047 676 2095 dicunt,
713 2047 830 2099 quod
868 2046 1092 2099 Johannes
1132 2047 1307 2100 Selyok,
1341 2049 1395 2087 de
1431 2047 1716 2100 Notingham‚
1751 2048 1791 2086 in
1829 2047 2054 2089 Comitatu

333 2121 459 2162 villae
484 2121 780 2174 Notingham'‚
805 2120 982 2172 brasycr,
1006 2121 1075 2160 die
1107 2121 1289 2163 Sabbati
1321 2122 1526 2174 proximo
1550 2128 1651 2162 ante
1674 2121 1832 2162 festum
1866 2121 2056 2163 Sanctae

334 2196 572 2245 Trinitatis,
607 2208 722 2236 anno
756 2195 876 2247 regni
913 2195 1045 2247 Regis
1082 2195 1286 2235 Edwardi
1322 2196 1477 2250 Quarti
1512 2196 1717 2236 vicesimo
1752 2194 1974 2244 secundo,5
2007 2208 2055 2235 ac

334 2270 513 2310 diversis
536 2270 629 2310 aliis
652 2269 803 2310 diebus
828 2270 1005 2310 mercati
1036 2276 1077 2310 et
1101 2269 1298 2320 vicibus,6
1321 2272 1436 2323 apud
1469 2270 1742 2324 Notingham
1774 2269 2055 2323 praedictam,

335 2345 505 2387 diversa
556 2357 690 2397 grana
742 2345 796 2384 ad
850 2350 1088 2384 mercatum
1132 2344 1258 2384 villae
1310 2345 1558 2398 praedictae
1601 2344 1800 2392 adducta,
1843 2343 2056 2392 videlicet,

336 2421 601 2461 frumentum
624 2425 666 2459 et
689 2419 880 2467 ordeum,
905 2419 1195 2459 communiter
1222 2420 1481 2472 regratiavit,
1506 2420 1548 2458 in
1580 2432 1710 2471 grave
1732 2418 2054 2458 detrementum

337 2496 557 2548 legeorum
584 2493 763 2533 Domini
789 2493 921 2544 Regis
945 2500 987 2532 et
1010 2500 1161 2533 contra
1183 2507 1336 2546 pacem
1361 2506 1494 2533 suam.
1842 2502 1862 2542 3
1883 2504 1916 2539 a,
1940 2503 1994 2530 ro.
2019 2503 2053 2541 4.

422 2717 644 2770 Juratores
688 2715 1118 2757 Constabulariorum
1162 2716 1322 2763 dicunt,
1366 2729 1494 2768 super
1543 2720 1865 2754 sacramentum
1918 2726 2055 2761 suum,

337 2791 454 2844 quod
495 2790 712 2830 Robertus
747 2789 914 2832 Cobler‚
949 2790 1003 2828 de
1042 2790 1326 2842 Notingham,
1362 2791 1402 2830 in
1444 2789 1667 2831 Comitatu
1705 2788 1830 2828 villae
1869 2788 2055 2840 Noting-

337 2866 462 2911 ham',
491 2864 629 2912 cobler,
659 2863 812 2916 Agnes
848 2864 1008 2911 Carter,
1038 2864 1092 2903 de
1126 2864 1288 2904 eisdem
1324 2865 1425 2905 villa
1458 2872 1500 2904 ct
1536 2864 1772 2911 Comitatu,
1795 2861 1987 2914 lmszcytffi
2014 2867 2055 2901 et

337 2940 541 2991 Johanna
574 2938 732 2985 Porter,
755 2937 809 2977 de
841 2937 1003 2977 eisdem
1034 2937 1133 2977 villa
1163 2945 1205 2978 et
1230 2938 1464 2986 Comitatu,
1487 2937 1679 2990 lcuszvjff
1703 2936 1964 2976 duodecimo
1986 2935 2055 2975 die

341 3013 457 3060 Maii,
481 3025 595 3051 anno
618 3011 736 3063 regni
767 3011 898 3063 Regis
924 3011 1127 3051 Edwardi
1152 3012 1306 3065 Quarti
1330 3012 1536 3052 vicesimo
1559 3011 1782 3057 secundo,7
1806 3023 1854 3050 ac
1877 3009 2055 3050 diversis

404 3130 412 3142 ¹
438 3126 545 3157 There
572 3126 598 3156 is
623 3126 692 3156 also
717 3136 735 3156 a
762 3130 981 3166 presentment
1010 3126 1053 3166 by
1077 3126 1130 3157 the
1327 3130 1338 3148 3
1362 3126 1520 3167 Monday,
1537 3126 1622 3167 June
1640 3134 1690 3164 24,
1715 3124 1804 3164 1482.

339 3180 535 3210 Constables
566 3178 635 3210 that
668 3179 734 3210 Lee
768 3179 890 3210 carried
926 3190 1018 3220 away
1048 3179 1130 3210 from
1326 3182 1338 3201 ⁴
1360 3180 1441 3211 This
1479 3190 1544 3211 was
1582 3190 1623 3210 an
1661 3179 1787 3210 offenee
1832 3178 1957 3219 against
1997 3176 2052 3208 the

340 3235 440 3275 Brigg
456 3235 526 3265 four
542 3234 677 3265 oxhides
694 3244 735 3264 on
754 3234 831 3274 May
852 3243 899 3272 14,
920 3235 1013 3265 value
1031 3234 1075 3265 Ss.
1263 3236 1406 3267 Statutes
1423 3236 1460 3265 of
1475 3235 1665 3265 Labourers.

403 3291 415 3304 ²
440 3288 584 3328 Sunday,
605 3288 683 3328 May
704 3296 750 3324 12,
775 3287 863 3325 1482.
914 3288 994 3318 This
1016 3288 1041 3319 is
1058 3298 1129 3328 pro·
1326 3292 1337 3312 5
1362 3289 1532 3329 Saturday,
1551 3289 1636 3329 June
1657 3297 1682 3324 1,
1708 3287 1797 3325 1482.

340 3343 438 3385 lmbly
455 3354 472 3373 a
489 3343 626 3374 mistake
644 3343 691 3374 sor
710 3343 879 3385 Saturday,
901 3344 978 3385 May
999 3352 1046 3374 11.
1325 3341 1338 3359 ⁶
1359 3343 1509 3383 w'cz'bns,]
1532 3344 1538 3356 ‘
1551 3341 1702 3381 vicebus‚'
1720 3342 1792 3374 MS.
