2165 3835
274 404 351 444 194
532 401 750 433 RECORDs
783 401 842 433 OF
875 402 974 433 THE
1008 402 1242 434 BOROUGH
1276 402 1335 433 OF
1371 402 1716 433 NOTTINGHAM.
1852 393 1981 446 [1448

269 525 602 578 imperpetuum,
617 524 659 564 in
675 525 828 565 eadem
844 525 945 565 villa
960 531 1002 565 et
1017 525 1309 578 procinctibus
1325 524 1521 577 ejusdem
1537 530 1665 577 prout
1681 537 1726 564 se
1740 525 1987 565 extendunt

265 598 333 639 vel
356 604 546 648 utuntur,
569 598 765 651 exceptis
789 599 1122 652 prae-exceptiS,
1145 599 1320 639 easdem
1348 599 1540 638 habeant
1563 605 1838 651 potestatem,
1859 599 1986 652 juris-

267 673 516 721 dictionem,
540 672 845 712 auctoritatem
878 679 921 713 et
953 673 1210 722 libertatem,
1234 679 1276 712 et
1308 686 1609 725 quaecumque
1642 672 1725 712 alia
1758 674 1812 713 ad
1845 673 1988 713 officia

271 746 516 787 Escaetoris
539 752 582 787 et
604 747 926 787 Vicecomitum
950 747 1222 800 pertinentia,
1246 760 1354 799 quas
1377 753 1419 786 et
1442 760 1553 799 quae
1575 747 1705 786 ceteri
1730 747 1987 787 Escaetores

269 827 312 862 et
333 820 626 862 Vicecomites
655 821 801 869 nostri,
825 820 1033 861 heredum
1057 821 1123 860 vel
1150 834 1446 860 successorum
1471 826 1730 868 nostrorum,
1754 820 1855 861 alibi
1879 819 1989 860 infra

269 908 450 948 regnum
474 901 671 934 nostrum
695 893 887 947 Angliae
908 894 1073 934 habent
1095 894 1161 934 vel
1189 894 1423 940 habebunt.
1448 901 1522 934 aut
1544 894 1704 934 habere
1727 894 1889 935 debent
1912 908 1987 934 seu

270 969 502 1010 debebunt.
579 969 637 1009 Et
679 969 796 1021 quod
838 969 986 1008 omnia
1028 976 1070 1008 et
1112 969 1283 1021 singula
1325 968 1429 1008 talia
1471 968 1628 1016 brevia,
1672 975 1906 1022 praecepta
1946 976 1989 1009 et

272 1043 491 1092 mandata,
515 1042 661 1095 qualia
690 1056 765 1095 per
794 1042 1087 1082 Vicecomites
1111 1042 1437 1095 Notyngham’t
1462 1057 1536 1083 seu
1561 1057 1636 1096 per
1660 1043 1850 1083 Ballivos
1879 1042 1990 1095 ejus—

272 1119 372 1158 dem
407 1117 533 1157 villae
567 1116 677 1157 infra
711 1117 895 1156 eandem
931 1116 1077 1156 villam
1116 1130 1190 1156 seu
1228 1117 1476 1169 procinctus
1514 1117 1710 1170 ejusdem
1749 1123 1851 1157 ante
1884 1117 1991 1157 haec

271 1199 471 1245 tempora
493 1192 645 1244 quovis
675 1192 807 1231 modo
836 1191 981 1230 serviri
1005 1205 1079 1231 seu
1109 1192 1267 1244 exequi
1292 1199 1609 1232 consueverunt
1639 1198 1713 1232 aut
1736 1191 1991 1239 debuerunt,

273 1266 615 1307 Vicecomitibus
639 1266 834 1318 ejusdem
867 1266 993 1305 villae
1026 1266 1353 1318 Notyngham’1
1384 1279 1440 1306 ex
1468 1279 1582 1306 nunc
1615 1267 1656 1306 in
1691 1266 1882 1306 futurum
1915 1279 1993 1318 pro

273 1348 469 1393 ternpore
501 1340 791 1380 existentibus
825 1353 849 1379 a
880 1341 997 1380 dicto
1030 1341 1183 1392 quinto
1215 1341 1386 1380 decimo
1419 1341 1489 1380 die
1527 1341 1686 1380 mensis
1722 1340 1993 1392 Septembris

274 1416 526 1455 immediate
559 1416 879 1467 imperpetuum
913 1415 1165 1467 dirigantur,
1199 1416 1520 1456 demandentur
1552 1423 1594 1455 et
1626 1416 1870 1455 liberentur.
1936 1415 1994 1455 Et

274 1490 391 1543 quod
414 1489 706 1530 Vicecomites
736 1489 931 1541 ejusdem
961 1489 1088 1529 villae
1117 1496 1159 1529 et
1189 1490 1490 1541 procinctuum
1515 1489 1710 1542 ejusdem
1734 1503 1790 1529 ex
1814 1503 1927 1529 nunc
1951 1490 1993 1528 in

274 1564 465 1605 futurum
499 1577 576 1616 pro
613 1570 810 1615 tempore
847 1563 1086 1603 existentes
1123 1563 1393 1604 Comitatum
1432 1576 1557 1603 suurn
1597 1563 1844 1604 Comitatus
1881 1563 1994 1603 illius

275 1638 401 1679 villae
428 1636 730 1690 Notyngham’
753 1636 863 1676 infra
894 1637 1079 1677 eandem
1112 1637 1259 1676 villam
1294 1643 1335 1677 et
1366 1637 1614 1689 procinctus
1644 1636 1839 1689 ejusdem
1869 1636 1996 1676 villae

275 1719 403 1766 prout
439 1726 484 1752 se
525 1711 773 1752 extendunt
810 1711 876 1751 vel
920 1717 1111 1759 utuntur,
1149 1711 1347 1763 exceptis
1389 1712 1723 1763 prae-exceptis,
1762 1724 1838 1764 per
1878 1711 1993 1751 diem

277 1788 429 1827 Lunae
465 1787 519 1827 de
556 1799 705 1826 mense
742 1786 783 1824 in
823 1798 1017 1825 mensem
1056 1785 1261 1825 continue
1298 1791 1476 1825 teneant
1513 1786 1554 1824 in
1591 1785 1793 1833 futurum,
1831 1785 1994 1825 eisdem

277 1861 409 1901 modo
450 1867 492 1901 ct
534 1859 673 1900 forma
715 1866 842 1912 prout
885 1859 955 1899 alii
998 1859 1291 1899 Vicecomites
1333 1860 1467 1899 nostri
1518 1859 1618 1899 alibi
1662 1858 1772 1898 infra
1813 1871 1994 1911 regnum

277 1942 472 1976 nostrum
515 1935 785 1988 praedictum
831 1934 1078 1975 Comitatus
1120 1947 1220 1973 suos
1266 1940 1427 1981 tenent,
1470 1947 1543 1973 seu
1587 1940 1715 1986 prout
1757 1933 1827 1972 alii
1869 1932 1996 1973 Vice-

277 2010 458 2050 comites
496 2009 642 2057 nostri,
676 2008 885 2048 heredum
923 2014 965 2048 ct
1003 2021 1300 2048 successorum
1339 2014 1597 2055 nostrorum,
1631 2007 1731 2047 alibi
1765 2007 1806 2046 in
1840 2006 1995 2046 eodem

278 2097 413 2136 regno
435 2089 584 2123 nostro
608 2082 855 2124 Comitatus
878 2095 978 2121 suos
1002 2081 1213 2122 tenebunt
1237 2094 1311 2121 seu
1334 2088 1481 2121 tenere
1504 2082 1722 2121 deberent.

367 2158 425 2197 Et
460 2157 577 2210 quod
616 2157 746 2196 iidem
784 2169 899 2195 nunc
938 2156 1182 2208 Burgenses
1219 2155 1346 2195 villae
1387 2156 1510 2205 illius,
1549 2162 1590 2195 ct
1628 2169 1896 2195 successores
1934 2155 1998 2194 sui

280 2232 613 2284 imperpetuum,
636 2230 827 2270 habeant
857 2230 1033 2271 Curiam
1064 2230 1225 2270 ibidem
1256 2230 1310 2270 ad
1340 2243 1489 2270 eorum
1520 2230 1690 2270 libitum
1714 2230 1768 2270 de
1796 2229 1999 2270 omnibus

281 2312 324 2346 et
374 2304 553 2357 singulis
600 2304 905 2353 contractibuS,
948 2304 1322 2353 conventionibus,
1365 2311 1408 2344 et
1449 2305 1865 2357 transgressionibus
1907 2310 1998 2344 tam

281 2385 433 2419 contra
468 2391 620 2431 pacem
657 2392 789 2430 quam
827 2378 950 2418 aliter
986 2378 1121 2427 factis,
1159 2392 1208 2418 ac
1246 2378 1339 2418 aliis
1377 2378 1514 2427 rebus,
1552 2379 1691 2419 causis
1729 2386 1771 2419 et
1809 2378 2000 2418 materiis

282 2453 628 2506 quibuscumque
670 2451 779 2492 infra
820 2453 1005 2492 eandem
1043 2452 1190 2492 villam
1233 2466 1307 2492 seu
1350 2452 1598 2505 procinctus
1640 2452 1836 2505 ejusdem
1874 2451 2001 2492 villae

282 2535 411 2582 prout
442 2542 488 2568 se
518 2528 765 2568 extendunt
794 2528 860 2567 vel
893 2534 1083 2575 utuntur,
1107 2527 1304 2580 exceptis
1334 2527 1668 2579 prae-exceptis,
1691 2527 1844 2579 quovis
1868 2526 2002 2565 modo

284 2602 605 2656 emergentibus
628 2615 702 2642 seu
726 2602 1092 2654 contingentibus,
1111 2602 1166 2642 de
1183 2602 1253 2641 die
1275 2602 1317 2641 in
1340 2601 1455 2641 diem
1480 2601 1521 2640 in
1547 2600 1782 2653 Guyhalda
1805 2600 2000 2652 ejusdem

284 2677 411 2717 villae
448 2689 594 2716 coram
633 2674 802 2727 Majore
840 2675 952 2714 illius
986 2675 1123 2721 villae,
1154 2689 1229 2715 seu
1264 2675 1356 2727 ejus
1394 2675 1537 2714 locum
1575 2680 1763 2723 tenente,
1794 2687 1843 2713 ac
1875 2674 2002 2714 Vice-

286 2750 517 2791 comitibus
552 2749 747 2802 ejusdem
785 2749 912 2789 villae
954 2763 1032 2802 pro
1069 2756 1267 2802 tempore
1303 2748 1594 2789 existentibus
1631 2748 1880 2788 tenendam.
1946 2747 2003 2787 Et

286 2825 403 2878 quod
434 2823 578 2875 Major
599 2822 726 2862 villae
755 2822 866 2862 illius
889 2836 967 2875 pro
997 2829 1194 2876 tempore
1223 2823 1428 2871 existens,
1452 2829 1527 2862 aut
1549 2822 1641 2874 ejus
1671 2822 1814 2862 locum
1838 2828 2002 2869 tenenS,

287 2905 330 2939 et
370 2896 662 2938 Vicecomites
695 2895 822 2936 villae
864 2896 975 2936 illius
1012 2911 1090 2949 pro
1132 2904 1328 2950 ternpore
1364 2897 1604 2936 existentes
1640 2909 1665 2935 a
1699 2896 1816 2936 dicto
1849 2895 2004 2948 quinto

288 2972 459 3013 decimo
480 2971 550 3011 die
572 2970 732 3010 mensis
756 2970 1027 3022 Septembris
1050 2971 1242 3011 habeant
1265 2976 1529 3024 potestatem
1554 2976 1596 3010 et
1618 2970 1924 3010 auctoritatem
1948 2969 2002 3009 ad

289 3045 507 3086 audienda
542 3050 585 3084 et
621 3044 955 3084 determinanda
990 3045 1031 3084 in
1071 3045 1202 3086 Curia
1237 3044 1311 3084 illa
1346 3044 1602 3084 omnimoda
1643 3043 1814 3096 placita,
1853 3049 2003 3091 sectas,

290 3118 495 3172 querelaS,
528 3131 679 3158 causas
711 3124 754 3158 et
785 3118 1037 3167 demandas,
1061 3132 1230 3158 necnon
1264 3119 1456 3158 actiones
1491 3117 1637 3166 reales,
1671 3117 1932 3170 personales,
1962 3122 2005 3156 et

292 3194 455 3234 mixtas
477 3205 784 3245 quascumque,
808 3191 917 3232 infra
948 3193 1133 3233 eandem
1162 3193 1309 3233 villam
1340 3206 1389 3232 ac
1419 3192 1663 3232 libertatem
1693 3198 1736 3232 et
1758 3191 2006 3244 procinctus

292 3267 487 3321 ejusdem
510 3265 637 3306 villae
659 3272 787 3318 prout
809 3279 855 3305 se
876 3266 1124 3306 extendunt
1146 3266 1213 3306 vel
1236 3272 1427 3314 utuntur,
1451 3265 1648 3317 exceptis
1671 3264 2005 3317 prae-exceptis,

296 3347 416 3382 mota
438 3353 511 3380 seu
535 3340 760 3387 movenda,
784 3346 874 3380 tam
898 3340 939 3378 in
964 3340 1209 3393 praesentia
1231 3346 1388 3388 nostra,
1412 3339 1620 3379 heredum
1644 3346 1686 3379 et
1708 3350 2004 3380 successorum
