2165 3835
286 419 362 468 198
545 426 763 458 RECORDs
795 426 856 458 OF
889 426 989 456 THE
1021 425 1257 458 BOROUGH
1289 425 1349 457 OF
1384 424 1731 456 NOTTINGHAM.
1867 416 1997 468 [1448

278 563 355 590 sua
388 549 638 602 hujusmodi
674 548 872 589 facienda
905 555 1032 589 extra
1065 549 1249 588 eandem
1284 547 1430 587 villam
1465 546 1566 586 alibi
1601 559 1746 586 coram
1783 546 1997 599 aliquibus

277 623 370 663 aliis
400 637 475 663 seu
498 623 643 677 aliquo
672 623 757 664 alio
778 623 923 663 venire
952 623 1238 676 compellatur
1260 635 1334 662 seu
1364 620 1702 673 compellantur:
1734 621 1794 661 ita
1816 635 1996 674 semper,

278 698 394 750 quod
438 697 546 738 infra
584 698 814 738 duodecim
849 698 940 737 dies
978 697 1183 750 proximo
1220 701 1318 748 post
1356 694 1613 734 electionem
1653 694 1833 747 Majoris
1871 695 1998 735 villae

277 770 389 811 illius
423 778 653 823 sequentes
686 772 740 812 de
774 772 950 811 nomine
986 771 1231 811 Escaetoris
1266 769 1377 809 illius
1410 768 1536 808 villae
1570 768 1751 820 singulis
1786 769 1910 808 annis
1942 769 1996 809 ad

279 845 554 887 Scaccarium
589 851 797 894 nostrum,
820 845 1029 885 heredum
1063 851 1105 884 et
1138 856 1435 884 successorum
1466 849 1724 891 nostrorum,
1747 843 1828 883 sub
1856 843 1998 896 sigillo

277 919 521 972 Majoratus
545 920 678 973 ipsius
702 919 828 959 villae
852 919 1152 972 Notyngham'
1176 917 1444 958 certificetur.

364 994 670 1035 Concessimus
700 993 842 1042 etiam,
866 1006 922 1032 cx
954 1006 1072 1033 mero
1103 999 1223 1033 motu
1254 999 1296 1032 et
1330 998 1448 1032 certa
1476 991 1655 1032 scientia
1685 992 1842 1032 nostris
1876 1005 1997 1044 prae-

276 1067 412 1117 dictis,
432 1081 510 1120 pro
532 1068 667 1116 nobis,
686 1067 917 1107 heredibus
940 1073 983 1107 et
1005 1067 1325 1106 successoribus
1348 1066 1506 1106 nostris
1529 1066 1773 1118 praedictis,
1792 1065 1997 1118 praefatis

276 1155 390 1182 nunc
434 1142 729 1195 Burgensibus
766 1142 909 1182 dictae
951 1141 1077 1181 villae
1120 1140 1432 1193 Notyngham’,
1471 1146 1512 1179 et
1554 1139 1873 1180 successoribus
1911 1140 1998 1179 suis

276 1216 608 1269 imperpetuum,
647 1216 803 1257 catalla
845 1228 1220 1268 quarumcumque
1263 1227 1545 1267 personarum
1589 1220 1679 1253 tam
1729 1214 1783 1253 ad
1832 1220 1996 1254 sectam

276 1297 481 1340 nostram,
504 1291 712 1331 heredum
737 1291 802 1330 vel
826 1303 1122 1330 successorum
1147 1295 1405 1336 nostrorum,
1430 1301 1561 1340 quam
1587 1287 1768 1327 aliorum
1793 1300 1997 1340 quorum-

275 1378 462 1417 cumque
484 1378 562 1417 pro
580 1364 794 1416 aliquibus
818 1363 996 1412 feloniis,
1017 1363 1212 1411 murdris,
1232 1369 1306 1403 aut
1330 1362 1422 1402 aliis
1446 1361 1622 1401 offensis
1645 1362 1997 1415 dampnatarum,

275 1439 570 1478 convictarum
609 1444 683 1478 aut
720 1438 866 1490 aliquo
909 1438 1041 1478 modo
1078 1437 1370 1485 attinctarum,
1408 1450 1457 1476 ac
1495 1436 1675 1476 aliarum
1714 1450 1997 1489 personarum

275 1526 649 1565 quarumcumque
685 1526 741 1552 ex
779 1525 1056 1564 quacumque
1093 1525 1223 1551 causa
1264 1511 1558 1564 utlagatarum
1602 1518 1692 1551 tam
1735 1512 1789 1551 ad
1833 1516 1996 1551 sectam

275 1593 480 1635 nostram,
503 1587 712 1626 heredum
735 1586 801 1626 vcl
826 1599 1122 1626 successorum
1148 1592 1406 1634 nostrorum,
1430 1599 1561 1638 quam
1587 1586 1768 1626 aliorum
1792 1598 1997 1638 quorum-

274 1674 481 1713 cumque;
524 1673 692 1700 necnon
735 1659 892 1700 catalla
926 1660 1233 1699 disadvocata1
1274 1659 1465 1700 felonum
1504 1660 1558 1699 de
1595 1673 1650 1708 sc,
1685 1666 1728 1700 et
1765 1660 1998 1700 deodanda

275 1735 384 1775 infra
407 1735 591 1775 eandem
611 1734 756 1774 villam
783 1734 1084 1786 Notyngham’
1102 1741 1145 1773 et
1168 1735 1415 1786 procinctus
1438 1733 1634 1786 ejusdem
1654 1733 1780 1773 villae
1803 1740 1931 1786 prout
1953 1747 1998 1773 se

274 1810 521 1850 extendunt
544 1809 610 1848 vel
634 1815 824 1856 utuntur,
849 1808 1046 1860 exceptis
1070 1809 1403 1861 prae-exceptis,
1427 1815 1597 1860 reperta
1623 1814 1665 1848 et
1688 1808 1874 1848 inventa.
1940 1807 1997 1847 Et

274 1883 390 1935 quod
426 1883 556 1922 iidem
593 1895 706 1922 nunc
743 1882 986 1934 Burgenses
1021 1882 1133 1922 illius
1167 1882 1304 1931 villae,
1328 1889 1370 1922 et
1404 1895 1672 1922 successores
1707 1882 1782 1931 sui,
1805 1881 1997 1921 habeant

274 1957 594 2009 imperpetuum
618 1956 766 1995 omnia
788 1955 1138 2005 amerciamenta,
1163 1957 1496 2009 redemptioneS,
1520 1963 1562 1996 et
1584 1956 1729 1996 exitus
1753 1955 1996 1996 forisfactos

274 2036 316 2070 et
340 2030 677 2078 forisfaciendos,
702 2044 750 2069 ac
774 2043 926 2069 omnes
950 2029 1055 2070 fines
1079 2044 1156 2082 pro
1186 2030 1603 2083 transgressionibus
1626 2037 1669 2070 et
1698 2030 1791 2070 aliis
1814 2029 1995 2077 delictis,

274 2105 560 2157 negligentiis,
586 2104 952 2156 mesprisionibus,
976 2111 1018 2144 et
1041 2104 1365 2157 contemptibus
1389 2104 1757 2157 quibuscumque3
1791 2117 1839 2144 ac
1862 2104 1994 2144 etiam

275 2177 380 2218 fines
418 2192 496 2231 pro
534 2179 707 2219 licentia
743 2178 1070 2227 concordancli,2
1107 2185 1149 2218 et
1185 2179 1343 2227 omnia,
1381 2192 1492 2231 quae
1530 2179 1584 2218 ad
1623 2192 1701 2218 nos
1738 2184 1781 2218 ct
1817 2177 1997 2218 heredes

274 2258 444 2292 nostros
477 2253 629 2305 quovis
664 2252 796 2292 modo
830 2252 1045 2304 pertinere
1077 2259 1281 2305 poterunt
1314 2253 1368 2293 de
1400 2252 1649 2293 hominibus
1681 2252 1747 2292 vel
1780 2252 1996 2305 aliquibus

273 2327 522 2366 tenentibus
553 2326 618 2366 vel
653 2326 952 2366 habitantibus
984 2326 1111 2366 villae
1145 2326 1278 2375 illius3
1311 2340 1479 2367 necnon
1515 2327 1663 2367 omnia
1692 2327 1848 2375 exitus,
1878 2325 1995 2374 fines,

274 2407 317 2441 et
339 2402 678 2441 amerciamenta
700 2401 755 2440 de
777 2400 1124 2453 quibuscumque
1153 2400 1305 2453 plegiis
1335 2407 1377 2441 et
1402 2400 1786 2453 manucaptoribus
1814 2399 1995 2453 alicujus

274 2488 486 2527 personae
518 2475 627 2515 infra
658 2476 842 2515 eandem
877 2475 1023 2515 villam
1055 2475 1357 2528 Notyngham'
1380 2476 1703 2524 commorantis,
1727 2488 1801 2515 seu
1832 2475 1993 2515 ibidem

274 2549 441 2601 integre
463 2549 529 2588 vel
553 2562 639 2589 non
664 2549 830 2601 integre
853 2549 1041 2589 tenentis
1064 2550 1304 2598 existentis,
1329 2550 1427 2590 licet
1457 2563 1642 2602 persona
1664 2549 1736 2589 illa
1765 2562 1839 2589 seu
1862 2549 1995 2602 plegii

274 2622 340 2663 vel
378 2628 712 2675 manucaptores
746 2622 804 2661 illi
837 2623 891 2662 de
929 2623 1064 2672 nobis,
1097 2623 1328 2664 heredibus
1365 2624 1431 2664 vel
1468 2624 1787 2664 successoribus
1825 2623 1994 2672 nostris,

274 2710 348 2736 seu
386 2697 441 2736 de
476 2696 568 2736 aliis
605 2696 801 2744 tenuerit,
836 2696 900 2736 vel
935 2698 1162 2746 tenuerint,
1197 2711 1366 2738 necnon
1403 2699 1458 2738 de
1494 2698 1697 2738 omnibus
1734 2704 1787 2738 et.
1813 2697 1994 2750 singulis

274 2770 561 2823 burgensibus
593 2770 789 2822 ejusdem
822 2770 958 2819 villae,
983 2777 1073 2811 tam
1106 2772 1392 2812 residentibus
1416 2785 1547 2824 quam
1577 2785 1663 2812 non
1694 2771 1994 2820 residentibus,

274 2845 373 2885 licet
402 2845 460 2884 illi
490 2845 656 2896 integre
686 2850 883 2884 tenentes
914 2845 1075 2885 ibidem
1107 2859 1192 2885 non
1217 2844 1375 2886 fuerint
1404 2859 1478 2885 seu
1511 2845 1672 2885 ibidem
1705 2845 1771 2885 vel
1805 2844 1906 2885 alibi
1939 2845 1994 2885 de

274 2919 409 2967 nobis,
446 2918 675 2958 heredibus
713 2925 755 2958 et
792 2919 1110 2959 successoribus
1153 2921 1321 2968 nostris,
1356 2933 1430 2959 seu
1467 2920 1521 2959 de
1555 2919 1648 2959 aliis
1686 2919 1914 2968 tenuerint,
1950 2919 1992 2958 in

274 2993 619 3044 quibuscumque
658 2992 796 3032 Curiis
838 2993 1006 3041 nostris,
1045 2993 1253 3033 heredum
1290 2994 1355 3033 vel
1399 3006 1695 3033 successorum
1733 2999 1992 3041 nostrorum,

273 3073 364 3106 tam
406 3079 551 3106 coram
594 3065 729 3113 nobis,
771 3066 1003 3106 heredibus
1055 3074 1098 3107 et
1149 3067 1468 3107 successoribus
1515 3067 1684 3115 nostris,
1727 3067 1993 3119 ubicumque

274 3139 490 3188 fuerimus,
523 3152 654 3191 quam
692 3153 837 3179 coram
875 3140 1011 3190 nobis,
1044 3140 1274 3181 heredibus
1312 3147 1354 3181 et
1391 3141 1710 3181 successoribus
1748 3141 1917 3189 nostris,
1950 3141 1991 3180 in

276 3213 545 3255 Cancellaria
580 3219 737 3261 nostra,
775 3213 983 3254 heredum
1021 3214 1087 3254 vel
1126 3228 1422 3254 successorum
1466 3221 1724 3264 nostrorum,
1767 3228 1816 3255 ac
1859 3214 1990 3255 etiam

275 3300 420 3327 coram
457 3286 747 3326 Thesaurario
788 3294 830 3327 et
870 3288 1111 3327 Baronibus
1153 3289 1321 3337 nostris
1359 3288 1568 3329 heredum
1611 3295 1653 3329 et
1695 3301 1990 3328 successorum

278 3367 532 3405 nostrorum,
567 3361 620 3400 de
664 3361 901 3406 Scaccario,
937 3368 978 3401 et
1021 3375 1166 3401 coram
1208 3362 1459 3413 Justitiariis
1497 3364 1664 3409 nostris,
1703 3362 1910 3402 heredum
1949 3368 1991 3400 et
