2165 3835
282 401 365 441 224
544 398 765 432 RECORDS
797 398 857 430 OF
890 397 990 429 THE
1023 397 1261 430 BOROUGH
1294 397 1355 429 OF
1389 396 1737 428 NOTTINGHAM.
1873 386 2001 440 [1458

282 522 470 575 brugge'
513 521 554 562 in
594 522 818 564 Comitatu
860 521 1233 574 praedicto,——per
1269 533 1399 572 quern
1442 518 1643 571 frequens
1685 524 1728 559 et
1769 531 2003 558 commune

282 596 533 649 passagium
585 596 835 637 hominibus
887 595 1159 648 equestribus
1211 600 1253 635 et
1305 593 1578 646 pedestribus
1630 606 1679 633 ac
1731 592 2002 642 animalibus,

283 671 462 711 carectis
493 677 536 712 et
567 670 776 723 cariagiis,
809 682 978 710 necnon
1011 669 1215 709 omnibus
1249 668 1342 708 aliis
1380 667 1507 708 rebus
1539 667 1790 707 necessariis
1824 672 1915 707 tam
1947 666 2002 706 ad

283 745 430 785 villam
454 745 723 798 praedictam
747 757 879 797 quam
903 749 1031 785 extra
1052 743 1236 784 eandem
1265 742 1490 791 cariandis,
1514 741 1556 782 in
1580 742 1671 782 dies
1693 741 2006 791 habebatur,—

284 833 360 872 per
382 818 685 860 vehementem
708 825 751 860 et
774 818 994 859 insolitam
1024 817 1370 858 excrescentiam
1394 829 1604 869 aquarum
1634 815 1890 869 pluvialium
1911 816 2003 868 jam

284 893 407 934 tarde
429 893 776 946 contingentium
800 892 943 933 taliter
965 892 1167 932 derutus1
1191 891 1246 931 sit
1269 896 1310 931 et
1333 890 1589 939 confractuS,
1613 890 1730 942 quod
1754 890 2003 942 passagium

284 967 534 1021 hujusmodi
566 967 758 1007 totaliter
790 966 1025 1019 impeditur
1061 972 1104 1006 et
1135 965 1342 1014 tardatur,
1375 965 1491 1004 unde
1526 977 1658 1016 grave
1691 964 2003 1017 praejudicium

284 1055 334 1082 ac
357 1041 633 1095 irreparabile
654 1041 896 1094 dampnum
920 1039 1084 1093 populo
1107 1045 1256 1080 nostro
1279 1045 1511 1092 generatur
1533 1044 1575 1078 et
1597 1038 1801 1088 habetur;
1827 1044 1870 1078 et
1887 1038 2005 1091 quod

284 1118 531 1171 praedictus
554 1130 664 1171 pons
682 1130 863 1170 semper,
881 1116 1027 1169 aliqua
1045 1116 1303 1156 necessitate
1321 1129 1395 1155 seu
1414 1115 1604 1168 periculo
1622 1115 1910 1164 imminente,2
1931 1128 2007 1167 per

284 1191 551 1233 habitatores
579 1191 997 1245 Wapentachiorum
1030 1190 1276 1232 Comitatus
1299 1190 1508 1242 praedicti
1536 1189 1722 1242 reparari
1751 1203 1799 1229 ac
1828 1189 2005 1229 emend-

284 1266 345 1306 ari
368 1266 498 1307 debet
530 1273 572 1307 et
598 1266 841 1315 sustentari,
864 1272 907 1306 et
936 1266 995 1305 sic
1025 1279 1050 1305 a
1078 1271 1276 1317 tempore
1304 1263 1426 1317 cujus
1449 1264 1650 1304 contrarii
1682 1264 1891 1304 memoria
1919 1277 2005 1303 non

284 1341 469 1382 habetur
491 1341 677 1394 reparari
707 1339 875 1380 solebat
898 1353 947 1380 ac
977 1339 1198 1379 emendari
1221 1344 1264 1379 et
1287 1338 1540 1378 sustentari:
1574 1337 1667 1377 Nos
1690 1338 1820 1390 igitur
1842 1337 2005 1378 bonum

285 1422 328 1456 et
369 1415 674 1456 aisiamentum
717 1414 866 1467 populi
905 1415 1039 1454 nostri
1083 1413 1293 1466 praedicti
1332 1413 1373 1452 in
1412 1412 1491 1452 hac
1530 1419 1663 1465 parte,
1702 1418 1748 1453 ut
1785 1412 2006 1461 condecet,

285 1488 551 1538 affectantes
594 1489 912 1542 assignavimus
954 1502 1042 1537 vos,
1078 1501 1247 1536 novem,
1291 1493 1401 1535 octo,
1446 1493 1626 1539 septem,
1668 1499 1758 1536 sex,
1801 1486 2005 1539 quinque,

285 1570 481 1616 quatuor,
504 1570 590 1604 tres
619 1570 661 1604 et
684 1564 793 1604 duos
824 1569 1014 1603 vestrum
1039 1562 1242 1615 (quorum
1274 1561 1462 1613 aliquem
1492 1567 1683 1601 vestrum
1715 1574 1801 1609 vos,
1825 1560 2007 1613 praefati

286 1636 505 1677 Willelme
530 1637 806 1690 Babyngton,
830 1637 964 1686 miles,
990 1637 1177 1677 Ricarde
1208 1635 1452 1688 Byngham‚
1476 1642 1518 1675 et
1544 1635 1768 1688 Johannes
1793 1636 2007 1688 Portyng-

286 1718 361 1752 ton
404 1725 537 1752 unum
580 1725 673 1752 esse
708 1711 940 1764 volumus),
974 1710 1229 1763 justitiarios
1272 1716 1443 1750 nostros
1485 1710 1539 1749 ad
1578 1710 1895 1762 inquirendum,
1933 1723 2009 1762 per

287 1792 609 1826 sacramentum
640 1785 875 1839 proborum
900 1791 942 1826 et
972 1784 1176 1838 legalium
1208 1784 1435 1824 hominum
1469 1789 1560 1824 tam
1583 1784 1638 1824 de
1666 1783 1768 1824 villa
1790 1797 1921 1837 quam
1953 1784 2008 1824 de

288 1860 513 1902 Comitatu
536 1860 769 1913 praedictis
792 1873 868 1913 per
889 1873 998 1912 quos
1029 1859 1086 1898 rei
1116 1858 1274 1899 veritas
1299 1858 1452 1898 melius
1481 1858 1577 1898 sciri
1607 1858 1777 1911 poterit,
1800 1871 1876 1911 per
1898 1871 2007 1910 quos

287 1947 397 1987 pons
433 1934 680 1987 praedictus
718 1933 905 1986 reparari
942 1933 1073 1973 debet
1111 1947 1159 1972 ae
1198 1933 1396 1985 reparari,
1435 1933 1657 1973 emendari
1695 1939 1737 1973 et
1774 1933 2007 1973 sustentari

286 2008 465 2058 solebat,
495 2015 537 2049 et
571 2009 625 2048 ad
660 2021 812 2048 omnes
846 2007 941 2047 illos
976 2013 1019 2047 et
1048 2006 1252 2059 singulos,
1283 2007 1355 2060 qui
1389 2008 1443 2047 ad
1477 2007 1807 2060 reparationem,
1830 2007 2007 2047 emend-

287 2083 478 2124 ationem
512 2089 554 2123 et
586 2082 949 2123 sustentationem
983 2081 1233 2134 hujusmodi
1267 2087 1479 2130 tenentur,
1502 2081 1699 2133 poteritis
1731 2081 1923 2121 invenire
1953 2081 2007 2121 ad

287 2164 467 2211 pontem
491 2157 611 2197 illum
634 2170 732 2197 cum
756 2170 806 2196 ea
828 2156 1048 2196 celeritate
1070 2169 1156 2208 qua
1178 2155 1410 2195 commode
1434 2153 1521 2194 fieri
1545 2154 1705 2207 poterit
1727 2153 2006 2195 reficiendum

287 2238 330 2272 et
353 2231 688 2280 emendandum,
711 2236 754 2271 et
783 2244 856 2270 eos
889 2243 964 2282 per
986 2230 1288 2278 districtiones,
1312 2229 1346 2269 si
1377 2242 1552 2269 necesse
1575 2228 1712 2278 fuerit,
1736 2243 1785 2270 ac
1812 2229 1905 2270 aliis
1928 2229 2006 2269 viis

289 2313 331 2346 et
360 2306 501 2346 modis
530 2305 687 2345 debitis
717 2310 759 2344 et
786 2304 922 2352 licitis,
952 2303 1108 2356 quibus
1142 2303 1381 2356 antiquitus
1416 2302 1503 2343 fieri
1537 2303 1772 2353 consuevit,
1802 2303 2008 2357 compell-

289 2380 450 2420 endum
485 2385 527 2420 et
561 2379 762 2432 compelli
793 2377 1039 2418 faciendum
1073 2384 1115 2417 et
1145 2378 1198 2417 ad
1233 2378 1499 2418 audiendum
1533 2384 1575 2418 et
1606 2378 1931 2419 terminandum
1966 2378 2007 2417 in

289 2453 369 2493 hac
403 2459 526 2506 parte
560 2453 798 2493 secundum
833 2452 974 2504 legem
1010 2458 1052 2492 et
1087 2452 1448 2492 consuetudinem
1484 2452 1603 2505 regni
1639 2453 1773 2493 nostri
1806 2452 2006 2505 Angliae.

292 2528 349 2567 Et
386 2527 484 2567 ideo
520 2526 642 2567 vobis
680 2527 952 2574 mandamus,
990 2526 1118 2579 quod,
1154 2526 1208 2566 ad
1252 2532 1391 2566 certos
1428 2526 1520 2566 dies
1557 2533 1600 2567 et
1637 2527 1742 2576 loca,
1780 2541 1888 2580 quos
1920 2541 2008 2576 VOS,

290 2615 458 2650 novem,
495 2607 606 2650 octo,
643 2606 824 2653 septem,
861 2613 952 2648 seX,
990 2600 1193 2653 quinque,
1231 2606 1428 2653 quatuor,
1465 2607 1551 2641 tres
1588 2601 1654 2641 vel
1692 2601 1780 2641 duo
1816 2607 2007 2642 vestrum

289 2676 493 2729 (quorum
528 2675 717 2728 aliquem
752 2680 943 2714 vestrum
978 2688 1065 2723 VOS,
1096 2673 1277 2726 praefati
1313 2674 1533 2714 Willelme
1566 2674 1843 2727 Babyngton,
1874 2674 2008 2724 miles,

292 2750 479 2791 Ricarde
502 2749 745 2802 Byngham,
769 2754 812 2788 et
842 2748 1065 2801 Johannes
1098 2749 1383 2801 Portyngton‚
1407 2761 1541 2788 unum
1575 2761 1667 2788 esse
1699 2748 1930 2801 volumus),
1954 2749 2008 2788 ad

290 2825 372 2865 hoc
406 2823 689 2877 provideritis,
720 2822 950 2875 diligenter
979 2836 1107 2875 super
1141 2822 1388 2874 praemissis
1424 2821 1591 2861 faciatis
1625 2821 1936 2874 inquisitiones
1967 2829 2010 2862 et

291 2899 528 2952 praemissa
562 2898 708 2937 omnia
743 2903 784 2936 et
819 2896 990 2949 singula
1024 2896 1210 2936 audiatis
1245 2902 1287 2936 et
1324 2896 1576 2944 terminetis,
1610 2909 1658 2935 ac
1697 2896 1829 2935 modo
1861 2896 2010 2936 debito

290 2980 333 3014 et
370 2972 653 3013 effectualiter
689 2970 904 3023 expleatis
942 2970 984 3009 in
1023 2969 1162 3010 forma
1200 2969 1432 3022 praedicta,
1470 2968 1622 3009 facturi
1661 2969 1761 3009 inde
1798 2970 1915 3022 quod
1954 2970 2008 3009 ad

287 3047 502 3100 justitiam
539 3044 737 3098 pertinet,
774 3044 1013 3083 secundum
1057 3043 1197 3096 legem
1235 3050 1277 3083 et
1319 3043 1678 3083 consuetudinem
1718 3044 1837 3095 regni
1875 3044 2009 3084 nostri

292 3121 502 3173 Angliae;
534 3118 663 3159 salvis
686 3117 811 3157 nobis
834 3117 1183 3157 amerciamentis
1213 3123 1255 3157 et
1279 3117 1371 3156 aliis
1395 3118 1449 3157 ad
1473 3130 1552 3156 nos
1575 3117 1676 3156 inde
1698 3117 2007 3169 spectantibus.

292 3193 603 3234 Mandavimus
635 3192 750 3232 enim
783 3191 1043 3232 Vicecomiti
1076 3197 1225 3231 nostro
1259 3191 1506 3232 Comitatus
1538 3191 1759 3243 praedicti,
1792 3192 1921 3244 quod,
1955 3192 2007 3231 acl

293 3275 432 3309 certos
468 3267 560 3308 dies
597 3272 639 3307 et
680 3265 785 3314 loca,
822 3278 931 3317 quos
968 3278 1054 3313 VOS,
1093 3278 1261 3313 novem,
1304 3271 1414 3313 octo,
1451 3270 1631 3317 septem,
1674 3278 1764 3313 sex,
1807 3265 2009 3318 quinque,

488 3360 496 3374 ¹
520 3355 680 3394 derutus,]
702 3357 709 3371 ‘
721 3353 886 3391 dirrutus,⁷
902 3354 976 3385 Ms.
1283 3357 1294 3369 ²
1318 3353 1536 3392 inuninente,]
1557 3354 1564 3368 ‘
1576 3352 1703 3392 emin-,’
1720 3354 1796 3386 MS.
