2165 3835
288 395 368 445 258
551 400 771 433 REcoRDs
803 400 864 432 OF
896 400 997 431 THE
1029 399 1266 432 BOROUGH
1299 398 1360 430 oF
1394 397 1742 430 NOTTINGHAM.
1877 387 2006 441 [1467

286 525 438 579 quavis
467 525 522 566 de
555 537 687 565 causa
720 523 863 564 minus
892 522 1063 563 validae
1097 529 1171 563 aut
1204 521 1515 561 insufficientes
1545 520 1587 560 in
1618 520 1763 573 aliqua
1791 519 1854 560 sui
1885 526 2008 572 parte

286 600 480 640 existant
508 599 575 639 vel
609 598 848 651 adjudicari
871 598 1071 646 debeant,
1095 597 1175 650 ipsi
1205 602 1353 637 tamen
1383 608 1499 635 nunc
1526 594 1680 648 Major,
1703 594 2007 644 vicecomites,

288 675 532 727 Burgenses
555 679 597 713 et
619 673 818 712 homines
840 672 1090 725 praedictae
1112 670 1239 711 villae
1262 669 1564 723 Notyngham‚
1583 675 1626 709 et
1648 682 1797 709 eorum
1816 668 2008 721 quilibet,

228 763 231 765 ·
287 763 336 789 ac
365 762 513 788 eorum
543 748 723 788 heredes
752 753 794 787 et
823 760 1102 795 successores,
1126 746 1180 785 de
1208 745 1362 798 viginti
1391 744 1510 784 libris
1539 744 1859 797 praedictarum
1883 743 2007 796 quin-

287 823 499 876 quaginta
527 829 570 863 et
599 828 786 875 quatuor
814 821 1020 861 librarum
1055 826 1098 860 et
1127 819 1359 859 duodecim
1389 818 1626 858 solidorum
1660 818 1714 858 de
1741 817 1855 858 feodi
1886 817 2010 858 firma

286 897 414 937 villae
447 897 696 950 praedictae
737 895 963 936 annuatim
1001 895 1187 934 durante
1223 892 1342 933 dicto
1378 892 1567 933 termino
1603 892 1756 945 viginti
1794 905 2009 932 annorum

287 984 390 1024 erga
411 984 490 1010 nos
513 970 555 1010 in
583 970 799 1010 solutione
825 969 968 1009 dictae
994 967 1109 1008 feodi
1137 966 1287 1006 firmae
1313 966 1509 1019 ejusdem
1536 966 1664 1007 villae
1690 966 1823 1019 quieti
1853 967 1939 1007 sint
1968 972 2011 1007 et

287 1044 525 1093 exonerati,
548 1050 591 1084 et
614 1043 785 1097 quietus
814 1042 870 1083 sit
898 1049 941 1082 et
970 1047 1246 1090 exoneratus,
1270 1047 1313 1081 et
1336 1041 1453 1093 quod
1484 1041 1564 1093 ipsi
1588 1047 1631 1081 et
1657 1054 1806 1081 eorum
1829 1040 2011 1081 heredes

287 1126 330 1160 et
352 1131 620 1159 successores
643 1117 819 1157 easdem
842 1116 995 1169 viginti
1019 1115 1148 1155 libras
1171 1128 1338 1154 annuas
1361 1115 1416 1154 de
1438 1114 1552 1155 feodi
1577 1113 1701 1154 firma
1722 1115 1946 1167 praedicta
1967 1115 2010 1154 in

289 1194 490 1234 manibus
522 1193 609 1233 suis
641 1191 867 1239 retineant,
891 1197 933 1231 et
967 1203 1117 1230 eorum
1150 1188 1333 1242 quilibet
1368 1189 1562 1237 retineat,
1592 1195 1635 1228 et
1664 1189 1828 1229 dictam
1862 1188 2011 1229 villam

288 1273 477 1317 teneant,
515 1273 558 1307 et
599 1278 748 1306 eorum
786 1264 968 1318 quilibet
1010 1269 1169 1312 teneat,
1206 1263 1261 1303 de
1302 1262 1467 1302 eisdem
1509 1262 1663 1315 viginti
1701 1263 1819 1303 libris
1857 1263 2012 1304 annuis

289 1343 461 1396 quietus
503 1347 545 1382 et
582 1345 847 1381 exoneratus
884 1352 987 1392 erga
1023 1351 1102 1378 nos
1136 1338 1323 1378 durante
1364 1336 1589 1390 praedicto
1630 1337 1818 1377 termino
1859 1337 2013 1390 viginti

290 1429 514 1457 annorum.

378 1492 428 1531 In
452 1490 574 1544 cujus
597 1489 655 1529 rei
678 1487 979 1529 testimonium
1003 1487 1080 1526 has
1103 1486 1268 1527 litteras
1291 1492 1462 1527 nostras
1486 1485 1574 1526 fieri
1598 1485 1779 1526 fecimus
1801 1492 2012 1539 patentes.

291 1567 457 1606 Datum
491 1564 607 1617 apud
640 1561 1094 1611 XVestmonasterium³
1119 1560 1353 1601 undecimo
1382 1560 1452 1601 die
1482 1559 1597 1613 Julii‚
1621 1573 1737 1600 anno
1767 1560 1886 1614 regni
1909 1560 2014 1601 dicti

293 1636 473 1681 Domini
497 1638 579 1679 mei
605 1637 739 1690 Regis
762 1637 926 1690 quinto.
1028 1680 1031 1684 ,
1889 1635 2012 1686 4486.

515 1802 800 1845 CX.—Lcase
821 1802 876 1853 of
897 1800 963 1841 llze
984 1799 1164 1852 Fz'slmy
1184 1805 1232 1839 at
1252 1799 1318 1839 [lle
1352 1798 1470 1839 Wcz‘r
1490 1799 1534 1840 2'12
1557 1799 1624 1840 tlce
1652 1799 1790 1840 Trent.

912 1902 1029 1952 1467,
1054 1900 1315 1954 September
1343 1912 1400 1941 io.

380 2011 594 2052 Noverint
644 2008 831 2050 universi
883 2021 959 2061 per
1009 2013 1270 2060 praesentes,
1313 2021 1392 2047 nos
1443 2006 1691 2059 Johannem
1746 2007 1919 2057 Castell,
1961 2007 2016 2048 de

293 2085 595 2139 Notyngham,
606 2083 776 2138 fisslzer‚
802 2082 1039 2123 Ricardum
1066 2082 1242 2131 Burton‚
1265 2081 1320 2121 de
1343 2082 1508 2131 eadem,
1523 2095 1682 2133 grocelg
1705 2087 1748 2122 et
1773 2081 2015 2122 chricum

297 2161 461 2213 Higyn,
490 2160 545 2200 de
573 2159 739 2207 eadem,
763 2157 914 2206 becher,
944 2156 1079 2197 teneri
1114 2162 1157 2196 et
1192 2155 1371 2195 firmiter
1403 2155 1586 2208 obligari
1623 2156 1817 2196 Roberto
1852 2155 2016 2205 Stable,

295 2235 454 2287 Majori
488 2233 614 2274 villae
648 2231 1020 2285 Notynghamiae‚
1057 2229 1353 2282 Burgensibus
1387 2236 1431 2270 et
1466 2230 1785 2271 Communitati
1819 2230 2015 2283 ejusdcm

294 2309 431 2359 villae,
455 2309 496 2348 in
532 2314 707 2348 centum
746 2306 901 2346 marcis
936 2304 1087 2358 legalis
1118 2310 1331 2353 monetae,
1362 2304 1581 2344 solvendis
1615 2305 1777 2344 eisdem
1810 2305 2016 2354 Roberto,

296 2382 591 2437 Burgensibus
614 2388 657 2422 et
681 2380 1009 2428 Communitati,
1033 2385 1075 2419 et
1098 2378 1418 2418 successoribus
1442 2378 1539 2427 suis,
1563 2379 1617 2418 ad
1642 2378 1799 2419 festum
1825 2379 2018 2419 Paschae

296 2458 501 2512 proximo
536 2456 728 2497 futurum
766 2461 866 2508 post
902 2454 1052 2494 datam
1094 2452 1410 2506 praesentium:
1453 2453 1508 2492 ad
1545 2466 1677 2506 quam
1715 2453 1892 2506 quidem
1934 2453 2017 2493 sol-

296 2532 491 2573 utionem
528 2531 640 2571 bene
681 2535 723 2570 et
761 2528 944 2568 fideliter
985 2527 1241 2576 faciendam,
1279 2526 1525 2579 obligamus
1568 2541 1657 2576 nos,
1695 2533 1737 2567 et
1778 2527 2018 2580 quemlibet

298 2612 494 2647 nostrum
536 2618 612 2658 per
653 2617 698 2644 se
734 2609 776 2643 et
813 2603 855 2642 in
893 2601 1092 2651 solidum,
1126 2600 1306 2641 heredes
1349 2607 1391 2641 et
1427 2608 1683 2642 executores
1721 2607 1902 2651 nostros,
1943 2615 2019 2654 per

298 2684 559 2734 praesentes,
1793 2722 1797 2724 ἡ

386 2754 437 2794 In
480 2752 601 2805 cujus
643 2751 701 2791 rei
743 2749 1043 2791 testimonium
1086 2748 1185 2789 huic
1227 2749 1443 2802 praesenti
1486 2750 1648 2802 scripto
1688 2750 1830 2803 sigilla
1870 2756 2019 2791 nostra

299 2828 591 2881 apposuimus.
662 2826 828 2865 Datum
877 2824 1048 2864 decimo
1097 2824 1166 2863 die
1217 2824 1500 2876 Septembris,
1549 2838 1665 2864 anno
1714 2825 1833 2878 regni
1885 2825 2018 2878 Regis

302 2902 507 2944 Edwardi
531 2900 686 2954 Quarti
709 2898 907 2952 septimo.

387 2973 668 3029 [Endorseds]
713 2971 925 3015 Condicio
959 2971 1081 3011 istius
1115 2971 1394 3024 obligationis
1428 2971 1527 3012 talis
1561 2978 1636 3021 est,
1670 2973 1787 3025 quod
1822 2972 1856 3012 si
1890 2972 2018 3013 infra-

300 3051 518 3103 obligatus
539 3048 774 3101 Johannes,
792 3046 972 3086 heredes
994 3045 1061 3085 vel
1085 3045 1293 3098 assignati
1316 3046 1391 3095 sui,
1414 3045 1596 3095 solvant,
1619 3060 1694 3086 seu
1717 3046 1824 3087 solvi
1847 3046 2019 3096 faciant,

303 3123 561 3167 Camerariis
583 3121 710 3162 villae
733 3119 1046 3172 Notyngham’,
1070 3119 1142 3171 qui
1170 3133 1248 3172 pro
1270 3125 1467 3172 tempore
1490 3118 1657 3169 fuerint,
1681 3120 1876 3172 quolibet
1904 3133 2020 3160 anno

302 3200 486 3239 durante
526 3195 714 3237 termino
760 3200 861 3234 octo
902 3206 1115 3232 annorum
1164 3193 1369 3245 proximo
1410 3194 1685 3246 sequentium
1728 3200 1826 3246 post
1868 3194 2018 3234 datam

303 3270 595 3326 praesentium
638 3269 830 3321 quinque
879 3280 1046 3306 marcas
1094 3272 1137 3307 et
1186 3267 1324 3320 xxijd.
1369 3267 1519 3320 legalis
1568 3274 1771 3309 monetae
1813 3268 1867 3308 ad
1910 3268 2020 3308 festa

306 3345 498 3386 Paschae
531 3349 573 3384 et
609 3342 759 3386 Sancti
794 3340 1021 3382 Michaelis
1050 3340 1317 3394 Archangeli
1352 3342 1500 3394 aequis
1534 3343 1816 3395 portionibus,
1846 3348 1888 3382 et
1921 3348 2022 3394 post
