2165 3835
249 395 331 434 206
515 403 733 434 RECORDS
765 403 826 433 OF
860 404 959 434 THE
994 402 1227 434 BOROUGH
1262 402 1321 433 OF
1357 401 1703 432 NOTTINGHAM.
1840 393 1968 445 [1448

246 539 322 578 per
353 539 431 565 nos
460 526 618 567 virtute
648 527 954 580 praesentium,
978 533 1024 566 ut
1054 525 1357 578 praemittitur,
1381 524 1775 576 concessis—quod
1805 525 1859 564 ad
1890 538 1969 564 nos

246 605 288 640 et
322 599 502 640 heredes
537 606 580 641 et
614 613 882 640 successores
917 605 1088 640 nostros
1123 600 1177 639 de
1208 599 1303 652 jure
1337 597 1582 651 pertineret,
1615 604 1657 637 et
1686 598 1740 638 de
1769 611 1857 650 quo
1890 598 1968 638 Es-

246 680 439 714 caetores
481 680 524 715 et
565 675 859 715 Vicecomites
909 674 1044 714 nostri
1086 673 1190 713 dicti
1241 672 1489 714 Comitatus
1539 670 1852 723 Notyngham',
1894 685 1968 712 seu

246 761 394 788 eorum
430 748 547 798 alter,
582 763 728 789 coram
763 748 1054 789 Thesaurario
1091 754 1133 787 et
1172 746 1415 786 Baronibus
1449 745 1503 785 de
1542 745 1772 786 Scaccario
1808 752 1968 795 nostro,

244 821 453 863 heredum
489 829 531 863 et
564 836 862 863 successorum
893 829 1152 869 nostrorum,
1177 821 1210 860 si
1243 832 1448 873 praesens
1477 825 1598 859 carta
1626 825 1775 859 nostra
1804 819 1967 859 eisdem

246 909 359 936 nunc
384 897 678 950 Burgensibus
697 897 811 937 facta
834 910 920 936 non
944 896 1163 944 existeret,
1182 900 1438 947 computare
1455 893 1664 933 deberent
1687 906 1761 932 seu
1779 893 1968 942 deberet,

245 984 391 1010 coram
421 972 585 1011 eisdem
617 971 907 1011 Thesaurario
936 977 978 1011 et
1003 969 1246 1010 Baronibus
1273 974 1528 1020 compotum
1552 980 1679 1006 suum
1706 981 1782 1020 per
1804 974 1968 1008 attorn—

246 1051 340 1085 atos
372 1058 483 1094 suos,
507 1052 553 1086 ut
582 1046 854 1098 praedictum
885 1052 959 1094 est,
984 1045 1164 1085 reddere
1193 1049 1434 1091 teneantur,
1458 1055 1507 1082 ac
1537 1041 1673 1090 nobis,
1697 1047 1739 1082 ct
1762 1041 1968 1094 praefatis

245 1118 475 1159 heredibus
517 1132 565 1159 ac
607 1118 926 1159 successoribus
976 1119 1144 1167 nostris,
1187 1118 1298 1165 inde,
1341 1123 1469 1169 prout
1514 1115 1681 1168 justum
1725 1115 1862 1164 fuerit,
1905 1130 1967 1156 re-

245 1192 462 1245 spondere
484 1199 723 1233 teneantur.

333 1267 509 1307 Proviso
543 1281 723 1321 semper,
747 1268 864 1321 quod
899 1267 1108 1321 praedicti
1143 1279 1257 1306 nunc
1293 1265 1437 1318 Major
1470 1271 1512 1305 et
1548 1265 1792 1317 Burgenses
1824 1265 1968 1306 dictae

244 1340 370 1380 villae
423 1341 737 1394 Notyngham’,
781 1355 858 1381 nec
910 1354 1060 1381 eorum
1113 1353 1393 1389 successores,
1436 1340 1490 1379 ad
1541 1339 1686 1392 aliqua
1735 1339 1966 1387 libertates,

244 1414 518 1465 franchesias,
553 1429 627 1455 seu
666 1415 891 1468 privilegia
935 1414 1230 1467 Burgensibus
1272 1413 1399 1453 villae
1434 1413 1557 1462 illius,
1592 1426 1667 1452 seu
1706 1413 1882 1453 Ballivis
1925 1420 1967 1453 et

246 1489 541 1542 Bur-gensibus
563 1489 759 1542 ejusdem
782 1490 910 1530 villae
932 1503 1008 1543 per
1031 1496 1160 1529 antea
1177 1488 1330 1541 quovis
1354 1487 1486 1527 modo
1509 1487 1753 1540 spectantia
1775 1500 1849 1527 seu
1873 1501 1967 1540 per-

243 1563 437 1612 tinentia,
461 1563 559 1604 licet
592 1564 745 1604 eadem
779 1563 1011 1613 libertates,
1036 1563 1305 1603 franchcsiae
1337 1575 1411 1602 seu
1445 1561 1681 1614 privilegia,
1708 1568 1783 1602 aut
1815 1575 1964 1602 eorum

242 1637 430 1690 aliquod,
453 1650 529 1690 per
561 1643 812 1690 praesentes
846 1637 972 1678 dictis
1007 1651 1122 1677 nunc
1158 1636 1454 1689 Burgensibus
1488 1635 1615 1675 villae
1649 1635 1761 1675 illius
1796 1642 1839 1676 et
1872 1650 1966 1677 suc-

242 1711 483 1752 cessoribus
515 1712 602 1751 suis
635 1712 931 1752 concedantur
963 1711 1029 1752 vel
1063 1711 1338 1760 concedatur,
1362 1723 1540 1763 quoquo
1570 1710 1702 1749 modo
1734 1709 1966 1751 clamanda

241 1791 283 1826 et
320 1785 523 1825 habenda
560 1786 602 1824 in
637 1786 732 1838 jure
768 1792 811 1826 et
849 1785 977 1826 titulo
1013 1786 1100 1826 suis
1137 1785 1217 1826 sibi
1256 1798 1332 1838 per
1369 1790 1498 1825 antea
1534 1784 1853 1836 pertinentibus
1890 1798 1964 1825 seu

241 1859 550 1912 spectantibus,
584 1859 730 1912 aliquo
768 1861 901 1900 modo
943 1874 1019 1913 per
1056 1860 1404 1913 acceptationem
1447 1858 1740 1911 praesentium
1785 1859 1987 1899 exclud-'

241 1940 378 1983 antur,
401 1934 628 1974 barrentur
662 1941 735 1974 aut
769 1940 1075 1987 estoppentur3
1111 1941 1175 1975 set
1209 1934 1326 1986 quod
1362 1933 1473 1973 bene
1508 1932 1653 1973 licebit
1688 1933 1815 1974 dictis
1850 1947 1964 1974 nunc

242 2008 399 2060 Majori
432 2014 474 2048 et
506 2008 801 2061 Burgensibus
830 2008 1027 2061 ejusdem
1058 2008 1185 2048 villae
1215 2015 1257 2049 et
1286 2007 1607 2048 successoribus
1635 2008 1721 2047 suis
1751 2008 1900 2048 omnia
1922 2016 1965 2049 et

240 2082 411 2134 singula
452 2082 702 2135 hujusmodi
746 2083 978 2131 libertateS,
1018 2082 1282 2123 franchesias
1319 2089 1362 2122 et
1399 2082 1624 2135 privilegia
1668 2082 1964 2134 Burgensibus

239 2155 366 2195 villae
404 2156 514 2196 illius
553 2164 627 2197 aut
665 2157 841 2196 Ballivis
879 2164 922 2197 ct
961 2157 1255 2209 Burgensibus
1288 2157 1415 2197 villae
1453 2156 1565 2196 illius
1602 2169 1677 2209 per
1710 2163 1839 2197 antea
1870 2170 1964 2209 per-

240 2230 424 2270 tinentia
446 2229 512 2270 vel
539 2230 594 2270 de
621 2230 717 2283 jure
746 2231 961 2283 pertinere
983 2230 1190 2271 debentia
1220 2231 1260 2270 in
1288 2230 1384 2283 jure
1412 2238 1454 2271 ct
1484 2230 1612 2271 titulo
1640 2231 1727 2270 suis
1757 2231 1836 2271 sibi
1863 2231 1964 2271 inde

240 2309 342 2343 ante
392 2303 541 2343 datam
594 2303 888 2356 praesentium
942 2305 1260 2357 pertinentibus
1302 2304 1368 2344 vel
1421 2304 1722 2357 spectantibus
1764 2304 1962 2355 clamare,

240 2377 430 2429 gaudere
451 2384 494 2418 et
516 2377 686 2426 habere,
710 2377 855 2430 aliqua
884 2378 1164 2418 concessione
1186 2379 1240 2419 de
1270 2379 1416 2432 aliquo
1439 2379 1677 2419 eorundem
1701 2379 1962 2428 libertatum,

240 2450 579 2491 franchesiarum
622 2465 697 2492 seu
743 2452 1067 2505 privilegiorum
1110 2453 1152 2492 in
1195 2454 1497 2505 praesentibus
1539 2453 1654 2494 facta
1695 2467 1770 2494 seu
1813 2467 1963 2507 accep-

240 2526 406 2566 tatione
428 2527 722 2579 praesentium
746 2541 821 2580 per
842 2527 1019 2567 eosdem
1045 2527 1261 2580 Majorem
1280 2535 1322 2568 et
1342 2528 1586 2580 Burgenses
1604 2528 1671 2568 vel
1694 2542 1962 2569 successores

240 2613 341 2640 suos
364 2614 451 2641 non
475 2601 689 2642 obstante.

327 2673 474 2727 Quare
510 2675 710 2715 volumus
747 2681 789 2715 et
823 2674 1001 2716 firmiter
1034 2676 1335 2729 praecipimus,
1369 2690 1447 2730 pro
1483 2677 1618 2726 nobis,
1652 2677 1882 2733 heredibus
1919 2684 1962 2718 et

241 2748 558 2789 successoribus
581 2749 739 2789 nostris
757 2749 1000 2802 praedictis,
1024 2750 1141 2802 quod
1165 2749 1347 2802 praefati
1373 2751 1616 2803 Burgenses
1639 2751 1766 2791 villae
1788 2757 1962 2792 nostrae

241 2822 499 2874 praedictae,
522 2836 571 2863 ac
598 2836 747 2863 eorum
777 2823 957 2864 heredes
987 2830 1030 2864 et
1059 2837 1339 2874 successores,
1363 2825 1511 2864 omnia
1540 2831 1582 2865 et
1613 2824 1785 2877 singula
1813 2824 1961 2878 hujus-

242 2897 359 2936 modi
382 2897 664 2949 cognitiones,
688 2896 962 2946 franchesias,
986 2898 1217 2947 libertates,
1241 2906 1284 2938 et
1307 2899 1616 2947 immunitates,
1635 2912 1684 2938 ac
1706 2899 1854 2938 omnia
1876 2899 1961 2939 alia

240 2970 488 3022 praemissa,
512 2977 640 3023 prout
662 2971 858 3024 superius
880 2972 1124 3024 specialiter
1146 2979 1468 3025 expressantur,
1491 2973 1693 3022 habeant,
1716 2978 1894 3013 teneant
1917 2979 1960 3013 et

241 3051 510 3093 excerceant,
545 3058 594 3084 ac
631 3045 702 3093 eis,
737 3052 779 3085 et
813 3058 962 3085 eorum
997 3046 1187 3099 singulis,
1221 3046 1358 3099 plene,
1393 3046 1535 3095 libere,
1570 3047 1747 3098 integre,
1780 3045 1959 3099 pacifice

241 3124 283 3158 et
309 3119 454 3171 quiete
482 3119 803 3171 imperpetuum
833 3119 1055 3171 gaudeant
1084 3126 1127 3159 et
1156 3125 1343 3168 utantur,
1367 3120 1532 3172 absque
1558 3120 1842 3172 impetitione,
1865 3134 1959 3172 per-

241 3191 498 3240 turbatione,
534 3191 849 3240 molestatione,
883 3206 957 3233 seu
992 3193 1309 3245 impedimento
1342 3194 1488 3242 nostri,
1521 3193 1730 3233 heredum
1765 3193 1831 3233 vel
1866 3207 1959 3233 suc-

241 3278 459 3305 cessorum
502 3272 760 3314 nostrorum,
798 3273 873 3306 aut
914 3267 1158 3319 aliquorum
1197 3266 1503 3307 officiariorum
1546 3281 1620 3307 seu
1663 3268 1958 3308 ministrorum

243 3344 499 3384 nostrorum,
524 3338 731 3379 heredum
755 3339 821 3379 vel
845 3353 1141 3381 successorum
1170 3348 1416 3382 nostrorum
1440 3355 1825 3396 quorumcumque,
1849 3342 1959 3383 sicut
