2165 3835
299 416 349 454 82
561 423 780 454 RECORDS
813 422 872 453 OF
905 423 1004 453 THE
1038 423 1274 455 BOROUGH
1308 424 1368 455 OF
1404 423 1752 454 NOTTINGHAM.
1889 413 2012 466 [1411

298 552 594 595 mercatorem,
627 545 790 585 eisdem
824 546 1131 587 executoribus
1165 547 1272 587 meis
1304 546 1643 599 supervisorem:
1675 545 1926 598 supplicans
1958 545 2018 586 eis

296 633 394 661 cum
427 620 530 660 totis
563 620 703 660 cordis
736 620 819 660 mei
852 619 1023 670 viribus,
1047 620 1252 673 quatinus
1284 620 1433 661 omnia
1465 626 1508 660 et
1539 619 1711 671 singula
1743 633 1873 672 supra
1902 619 2020 660 dicta

296 708 394 734 mea
425 693 694 743 donationes,
717 693 975 743 voluntates,
1002 700 1045 734 et
1077 694 1222 747 legata
1254 695 1295 734 in
1330 695 1462 734 modo
1494 700 1537 734 et
1569 692 1709 733 forma
1741 693 2018 747 praescriptis

296 767 480 809 fideliter
510 774 786 820 exequantur
818 782 915 808 cum
946 767 1112 808 effectu.
1177 770 1270 809 Vos
1300 775 1342 809 et
1372 782 1524 808 omnes
1555 767 1715 809 Christi
1740 767 1889 807 fideles
1918 781 2018 808 con-

295 848 436 882 servet
470 842 602 882 Filius
633 842 858 883 Gloriosae
890 843 1083 895 Virginis
1116 843 1157 882 in
1192 844 1479 896 prosperitate
1508 842 1619 882 felici
1655 842 1864 884 Summus
1898 843 2019 882 Deus

298 916 422 968 Ipse!

384 991 434 1030 In
459 990 758 1030 testimonium
788 990 983 1031 omnium
1015 998 1057 1031 et
1086 991 1354 1044 singulorum
1387 990 1724 1044 praemissorum
1749 990 1863 1030 istud
1887 996 2018 1031 testa-

297 1070 493 1105 mentum
527 1077 672 1104 meum
703 1064 744 1103 in
775 1064 954 1105 ultimae
984 1065 1220 1106 voluntatis
1251 1079 1374 1105 meae
1406 1064 1707 1118 impletionem
1741 1063 2018 1104 indentatum

297 1138 385 1178 fieri
409 1138 487 1178 feci
521 1138 807 1191 tripartitum:
839 1152 1023 1191 quarum
1053 1153 1140 1179 una
1169 1154 1267 1192 pars
1298 1139 1540 1179 remanebit
1571 1152 1704 1191 penes
1735 1138 1952 1191 Majorem
1976 1145 2019 1179 et

297 1212 486 1252 Ballivos
509 1212 636 1252 villae
660 1213 1020 1266 Notynghamiae
1042 1227 1172 1266 supra
1190 1215 1352 1259 dictae:
1377 1213 1512 1254 altera
1528 1226 1630 1253 vero
1653 1226 1752 1265 pars
1775 1213 2019 1253 executori-

296 1287 375 1326 bus
399 1287 505 1326 meis
528 1300 658 1339 supra
672 1287 818 1336 dictis;
849 1294 891 1328 et
913 1288 1040 1328 tertia
1057 1302 1159 1328 vero
1177 1303 1275 1341 pars
1298 1288 1530 1341 praedictis
1551 1287 1746 1328 Roberto
1763 1294 1806 1327 et
1827 1286 2018 1340 Johanni

296 1360 414 1401 fratri
447 1360 549 1413 ejus,
580 1361 621 1399 in
652 1361 851 1401 custodia
880 1375 1010 1414 supra
1032 1362 1135 1402 dicti
1165 1362 1373 1402 willelmi
1406 1361 1566 1403 Stokes
1593 1375 1820 1414 quousque
1850 1361 1930 1413 ipsi
1963 1361 2018 1401 ad

295 1434 471 1487 plenam
514 1441 703 1474 aetatem
747 1436 1030 1488 pervenerint.
1117 1436 1214 1476 Hiis
1257 1436 1460 1476 testibus:
1511 1436 1714 1488 Johanne
1756 1435 2018 1488 Tannesley,

297 1507 466 1560 Majore
500 1508 627 1548 villae
661 1509 958 1562 Notingham',
982 1510 1205 1549 willelmo
1241 1510 1476 1550 Bradmere
1511 1517 1552 1550 et
1586 1510 1789 1562 Johanne
1824 1509 2018 1562 Gresley,

295 1587 398 1621 tunc
424 1581 609 1630 Ballivis,
635 1583 828 1623 Domino
860 1583 1049 1623 Ricardo
1073 1584 1267 1625 Chilwell
1299 1597 1485 1636 persona
1516 1584 1737 1624 Ecclesiae
1760 1582 2019 1636 parochialis

298 1655 419 1695 Beati
464 1656 576 1696 Petri
616 1657 901 1709 Notingham‘
944 1671 1074 1710 supra
1106 1658 1259 1706 dictae,
1301 1658 1504 1710 Johanne
1548 1657 1783 1710 Plumptre‚
1829 1657 2019 1697 Ricardo

295 1730 525 1778 Taverner,
554 1729 756 1782 johanne
792 1731 1015 1784 Odynges,
1047 1738 1088 1772 et
1124 1731 1298 1771 Thoma
1335 1731 1490 1779 Pulter,
1524 1731 1761 1783 capellanO,
1793 1737 1835 1770 et
1870 1730 2018 1770 multis

295 1803 397 1843 aliis.
463 1804 628 1844 Datum
652 1806 768 1857 apud
794 1805 1096 1857 Notyngham,
1119 1806 1189 1846 die
1211 1813 1253 1846 et
1277 1819 1393 1845 anno
1416 1820 1545 1859 supra
1568 1806 1747 1858 scriptis.

382 1878 493 1917 Item
532 1878 630 1930 lego
667 1877 855 1918 fabricae
892 1880 1040 1932 magni
1078 1880 1224 1932 pontis
1261 1881 1403 1920 vocati
1452 1880 1850 1933 ‘Hebethbrygge'
1885 1879 2017 1932 juxta

295 1950 441 1991 villam
473 1951 773 2004 Notyngham’
800 1952 953 2004 viginti
983 1953 1145 1993 solidos
1178 1955 1357 2006 argenti,
1382 1955 1423 1994 in
1454 1955 1754 1995 testimonium
1788 1955 2018 2007 praemiss-

295 2039 418 2065 orum
442 2025 582 2077 sigillo
606 2039 703 2065 meo
726 2026 1008 2078 signatorum.

1045 2158 1274 2211 [Probata]

384 2239 434 2278 In
460 2238 542 2278 Dei
566 2239 752 2286 nomine,
776 2252 914 2278 amen.
973 2239 1193 2279 Admissis
1217 2241 1548 2293 probationibus
1572 2255 1700 2294 super
1724 2241 1912 2282 factione
1934 2249 2018 2282 tes-

296 2312 479 2352 tamenti
517 2313 817 2365 praesentibus
850 2314 1012 2353 annexi
1050 2327 1195 2353 coram
1232 2315 1367 2363 nobis,
1401 2316 1590 2355 Ricardo
1626 2316 1771 2365 Pittes,
1796 2316 2019 2356 Ecclesiae

297 2386 570 2428 Cathedralis
607 2386 895 2426 Eboracensis
932 2388 1165 2437 Canonieo,
1192 2389 1560 2429 Reverendissimi
1596 2389 1637 2429 in
1675 2389 1850 2431 Christo
1883 2391 2017 2443 patris

296 2467 339 2500 et
373 2460 563 2509 Domini,
598 2460 777 2499 Domini
817 2460 1008 2509 Henrici,
1045 2462 1127 2501 Dei
1166 2463 1315 2515 gratia,
1351 2463 1641 2503 Eboracensis
1673 2463 2017 2517 Archiepiscopi,

296 2534 487 2586 Angliae
520 2533 731 2583 Primatis,
755 2540 797 2575 et
819 2534 1105 2588 Apostolicae
1139 2536 1265 2578 Sedis
1300 2537 1467 2590 Legati,
1491 2538 1532 2577 in
1563 2538 1741 2578 remotis
1770 2538 1950 2590 agentis,
1974 2538 2016 2578 in

296 2607 590 2660 spiritualibus
631 2608 807 2648 Vicario
849 2608 1062 2658 Generali‚
1105 2610 1247 2663 ipsum
1289 2618 1604 2652 testamentum
1648 2612 1727 2652 rite
1768 2611 1931 2652 factum
1975 2619 2018 2653 et

296 2681 410 2722 licite
428 2695 573 2721 coram
597 2681 721 2721 nobis
744 2682 977 2734 probatum
995 2685 1351 2736 pronuntiamus3
1375 2685 1799 2726 administrationem
1819 2686 2015 2726 omnium

296 2755 509 2795 bonorum
552 2755 655 2796 dicti
697 2755 889 2797 defuncti
932 2763 1130 2811 tempore
1177 2759 1328 2799 mortis
1370 2773 1474 2799 suae
1515 2759 1625 2799 infra
1668 2759 2015 2812 jurisdictionem

296 2829 399 2869 dicti
441 2829 785 2868 reverendissimi
822 2830 956 2882 patris
997 2832 1280 2873 existentium
1324 2833 1632 2873 executoribus
1674 2833 1715 2873 in
1758 2833 1876 2874 dicto
1913 2840 2016 2874 test—

296 2908 473 2943 amento
507 2902 753 2951 nominatis,
784 2903 824 2943 in
860 2903 999 2945 forma
1033 2906 1369 2947 Constitutionis
1401 2907 1556 2960 Legati
1588 2920 1717 2959 super
1748 2906 1830 2946 hoc
1862 2908 2016 2957 editae,

296 2975 427 3016 libere
449 2977 746 3017 concedentes.
812 2978 862 3017 In
886 2979 1008 3032 cujus
1038 2980 1095 3020 rei
1119 2981 1419 3021 testimonium
1446 2981 1635 3034 sigillum
1659 2981 1762 3021 dicti
1789 2982 2016 3022 reverend-

295 3049 428 3089 issimi
451 3050 585 3102 patris
608 3050 662 3090 ad
685 3064 838 3091 causas
860 3066 947 3105 quo
969 3053 1131 3094 utimur
1160 3054 1460 3107 praesentibus
1490 3054 1783 3107 apposuimus.
1848 3055 2015 3095 Datum

298 3123 495 3172 Eboraci,
533 3130 661 3164 sexto
698 3125 767 3164 die
805 3127 964 3165 mensis
1003 3128 1162 3172 Martii,
1201 3142 1316 3167 anno
1360 3128 1538 3168 Domini
1579 3129 1810 3168 millesimo
1846 3135 2016 3169 CCCCmO

297 3197 496 3236 decimo.1
1890 3212 2013 3253 4430.

361 3313 370 3326 ¹
395 3309 476 3341 This
504 3310 644 3342 Probate
672 3311 698 3342 is
725 3313 852 3344 written
881 3324 923 3344 on
949 3325 967 3345 a
998 3315 1087 3346 loose
1219 3315 1292 3346 The
1313 3315 1393 3357 strip
1417 3316 1454 3346 of
1474 3316 1665 3357 parchment
1690 3322 1723 3348 to
1745 3316 1852 3348 which
1872 3316 1927 3347 the
1949 3316 2015 3347 seal

298 3364 387 3405 piece
404 3364 441 3394 of
452 3363 642 3405 parchment
654 3365 763 3396 folded
781 3377 824 3409 up
841 3367 919 3398 with
937 3368 991 3399 the
1008 3369 1084 3401 will.
1220 3381 1285 3401 was
1302 3369 1418 3401 affixed
1436 3370 1494 3401 has
1510 3371 1594 3402 been
1611 3376 1684 3402 torn
1701 3381 1802 3414 away.
