2165 3835
308 388 390 438 256
572 395 792 427 RECORDS
825 395 884 427 or
918 396 1017 426 THE
1051 395 1286 427 BOROUGH
1320 395 1380 427 OF
1414 395 1762 427 NOT'I'INGHAM.
1899 387 2025 441 [1465

306 518 608 572 Notyngharn,
632 525 674 560 et
697 533 846 559 eorum
876 519 1107 559 heredibus
1134 525 1176 559 et
1198 518 1528 568 successoribus,
1552 532 1830 572 quocumque
1852 519 2029 560 nomine

304 593 566 646 incorporati
583 593 648 633 vel
665 593 903 646 nuncupati
920 593 1060 633 forent
1075 607 1149 633 seu
1165 599 1453 642 censerentur,
1468 592 1621 645 viginti
1638 592 1777 641 libras,
1794 593 2027 645 parcellam

303 667 622 720 quinquaginta
645 674 832 721 quatuor
854 668 1060 708 librarum
1087 674 1130 707 et
1152 667 1385 707 duodecim
1415 667 1653 707 solidorum
1677 667 1731 707 de
1755 666 1878 707 firma
1900 667 2029 708 villae

302 741 561 794 praedictae,
580 742 634 782 de
657 742 813 794 quibus
837 742 967 782 iidem
992 741 1146 794 Major,
1165 741 1471 790 Vicecomites,
1496 741 1740 793 Burgenses
1763 747 1806 781 et
1828 741 2027 782 homines

302 815 445 855 dictae
468 815 595 856 villae
624 829 725 868 erga
747 816 912 856 dictum
945 816 1187 855 Dominum
1218 829 1363 855 meum
1395 815 1561 867 Regem
1596 822 1699 855 tunc
1731 816 2026 856 onerabantur

301 890 343 929 in
369 890 598 931 Scaccario
621 904 699 930 suo
721 890 775 930 de
799 890 978 930 recordo
1001 903 1076 942 per
1098 902 1258 929 nomen
1283 892 1290 908 ‘
1309 889 1554 929 Hominum
1577 888 1705 929 villae
1736 889 2026 943 Notyngham

302 964 356 1003 de
383 963 506 1004 firma
538 964 665 1004 villae
696 964 822 1013 suae‚'
845 970 887 1004 et
919 963 1190 1012 concesserit,
1214 963 1331 1016 quod
1365 962 1548 1016 praefati
1582 969 1685 1003 tunc
1720 963 1874 1016 Major,
1897 964 2026 1004 Vice-

302 1038 494 1088 comites,
520 1039 763 1091 Burgenses
798 1044 840 1078 et
875 1038 1073 1077 homines
1108 1037 1304 1090 ejusdem
1340 1036 1477 1086 villae,
1507 1042 1550 1077 et
1584 1050 1733 1076 eorum
1769 1036 1949 1077 heredes
1984 1044 2027 1078 et

301 1127 581 1163 successores,
618 1114 673 1153 de
710 1113 942 1166 praedictis
979 1112 1133 1165 viginti
1168 1112 1284 1152 libris
1322 1111 1511 1164 parcella
1548 1111 1867 1164 praedictarum
1902 1111 2026 1164 quin-

301 1187 512 1240 quaginta
549 1193 735 1240 quatuor
777 1187 981 1227 librarum
1020 1193 1063 1227 et
1099 1186 1330 1226 duodecim
1373 1185 1611 1226 solidorum
1649 1186 1704 1226 de
1741 1185 1864 1226 firma
1900 1186 2027 1226 villae

300 1261 549 1313 praedictae
586 1262 770 1301 durante
812 1261 999 1301 termino
1036 1260 1189 1313 viginti
1228 1274 1442 1300 annorum
1480 1274 1537 1300 ex
1579 1266 1683 1300 tunc
1720 1261 1925 1313 proximo
1962 1275 2026 1301 se-

300 1336 527 1388 quentium
552 1350 654 1388 erga
681 1336 823 1388 ipsum
849 1335 1091 1375 Dominum
1120 1348 1265 1374 mcum
1292 1335 1459 1387 Regem
1487 1340 1530 1374 et
1556 1333 1736 1374 heredes
1762 1348 1862 1374 suos
1889 1348 2025 1375 annu-

300 1411 405 1450 atim
446 1411 486 1450 in
529 1410 746 1450 solutione
783 1409 896 1449 feodi
934 1410 1077 1449 (lictae
1115 1408 1264 1449 firmae
1308 1408 1504 1461 ejusdem
1539 1407 1667 1447 villae
1703 1407 1836 1460 quieti
1881 1414 2026 1449 essent

299 1490 341 1524 et
376 1485 613 1532 exonerati,
647 1491 689 1524 et
724 1484 841 1536 quod
877 1484 1008 1523 iidem
1043 1490 1146 1524 tunc
1182 1482 1336 1535 Major,
1367 1482 1672 1531 Vicecomitcs,
1705 1482 1948 1534 Burgenses
1983 1489 2025 1523 et

299 1558 508 1607 homines,
532 1565 574 1598 et
597 1572 745 1598 eorum
770 1558 949 1597 heredes
980 1564 1022 1597 et
1051 1570 1331 1604 successores
1355 1562 1553 1596 tenerent
1576 1555 1722 1595 villam
1754 1557 2023 1608 praedictam

298 1633 352 1672 de
386 1633 549 1673 eisdem
586 1633 739 1685 viginti
779 1632 895 1672 libris
928 1632 1062 1685 quieti
1097 1638 1140 1672 et
1174 1631 1401 1671 exonerati
1439 1644 1541 1683 erga
1575 1631 1740 1670 dictum
1780 1631 2022 1671 Dominum

299 1721 445 1747 meum
482 1707 648 1759 Regem
683 1714 725 1747 et
762 1707 943 1746 heredes
975 1720 1076 1745 suos
1108 1706 1294 1746 durante
1330 1705 1517 1745 termino
1551 1705 1786 1757 praedicto,
1819 1712 1947 1758 prout
1980 1706 2022 1745 in

297 1782 461 1821 eisdem
504 1782 656 1822 litteris
699 1781 867 1834 plenius
909 1781 1176 1821 continetur:
1223 1794 1271 1820 ac
1314 1780 1598 1833 postmodum
1642 1779 1756 1819 idem
1802 1779 2020 1821 Dominus

298 1870 419 1896 meus
451 1857 561 1903 Rex,
586 1871 661 1909 per
691 1857 854 1896 litteras
889 1869 988 1895 suas
1022 1861 1223 1908 patentes
1253 1855 1379 1895 datas
1414 1855 1530 1907 apud
1565 1854 2021 1903 Westmonasterium,

296 1931 424 1970 tertio
447 1931 617 1970 decimo
640 1931 710 1970 die
734 1931 892 1979 Martii,
912 1943 1027 1969 anno
1050 1930 1168 1982 regni
1193 1929 1256 1969 sui
1280 1930 1443 1981 quinto,
1468 1928 1728 1968 concesserit
1752 1928 1876 1968 nobis
1899 1943 2021 1981 prae-

295 2004 435 2044 dictos
461 2004 782 2057 quinquaginta
813 2010 855 2044 ct
878 2010 1066 2056 quatuor
1098 2003 1227 2043 libras
1260 2010 1302 2043 et
1329 2003 1560 2043 duodecim
1594 2003 1767 2052 solidos,
1791 2003 2018 2044 habendos

295 2084 337 2118 et
380 2078 681 2130 percipiendos
734 2078 859 2118 nobis
901 2092 925 2117 a
967 2078 1078 2118 sesto
1122 2078 1273 2119 Sancti
1316 2077 1544 2117 Michaelis
1587 2077 1741 2117 ultimo
1784 2079 2018 2130 praeterito

295 2152 521 2192 annuatim
553 2166 631 2205 pro
661 2152 848 2192 termino
870 2152 985 2192 vitae
1015 2158 1189 2192 nostrae
1211 2152 1266 2192 de
1295 2152 1545 2192 hominibus
1567 2151 1695 2191 villae
1725 2151 2015 2205 Notyngham

295 2227 349 2266 de
392 2226 515 2266 firma
557 2226 684 2266 villae
735 2240 838 2266 suae
890 2227 931 2265 in
977 2226 1201 2268 Comitatu
1244 2226 1371 2266 villae
1413 2225 1704 2278 Notyngham
1747 2239 1823 2278 per
1865 2240 2019 2266 manus

295 2300 523 2340 hominum
558 2300 754 2353 ejusdem
790 2300 917 2340 villae
950 2314 1029 2353 pro
1063 2307 1261 2353 tempore
1289 2300 1586 2348 existentium,
1618 2299 1783 2352 absque
1812 2306 2020 2353 compoto

294 2388 369 2415 seu
397 2375 543 2428 aliquo
572 2375 657 2415 alio
686 2376 827 2415 eidem
860 2376 1053 2415 Domino
1077 2389 1175 2415 meo
1207 2375 1317 2428 Regi
1341 2375 1442 2414 inde
1472 2375 1696 2415 reddendo
1717 2374 1784 2415 Vel
1807 2374 2019 2425 faciendo,

294 2455 423 2501 prout
466 2449 507 2488 in
552 2449 704 2489 litteris
746 2449 828 2488 illis
874 2449 1044 2502 plenius
1087 2450 1353 2490 continetur:
1406 2449 1550 2502 [Nos]‚
1593 2449 1647 2489 de
1687 2449 1829 2501 gratia
1870 2456 2020 2492 nostra

294 2523 481 2575 speciali,
519 2523 845 2563 considerantes
883 2523 1118 2563 laudabilia
1161 2530 1202 2564 et
1239 2524 1430 2576 gratuita
1466 2523 1651 2573 servitia,
1688 2537 1800 2576 quae
1836 2524 2019 2576 praefati

295 2597 450 2649 Major,
488 2598 792 2646 VicecomiteS,
832 2598 1076 2649 Burgenses
1118 2604 1160 2638 et
1203 2598 1402 2638 homines
1443 2597 1640 2651 praefato
1684 2598 1878 2637 Domino
1921 2612 2018 2638 meo

296 2671 406 2723 Regi
431 2671 727 2724 multipliciter
749 2672 1068 2724 impenderunt,
1092 2678 1134 2712 et
1158 2685 1319 2724 magna
1341 2678 1488 2713 custus
1511 2678 1553 2713 et
1576 2685 1708 2712 onera
1730 2685 1779 2711 ac
1794 2671 2017 2731 ‚bonorum

294 2759 470 2785 suorum
488 2746 716 2798 deperdita
731 2746 834 2799 (sic),
851 2760 963 2799 quae
981 2746 1209 2786 occasione
1227 2747 1499 2786 servitiorum
1519 2746 1690 2786 illorum
1709 2745 2017 2795 sustinuerunt,

293 2819 456 2859 dictam
491 2820 865 2872 perdonationem,
899 2808 1276 2861 remissionem-et
1311 2821 1629 2861 relaxationem
1665 2834 1714 2860 ac
1749 2821 1880 2860 etiam
1916 2834 2017 2860 con-

294 2893 534 2933 cessionem
559 2893 787 2946 praed[icti
814 2894 993 2934 Domini
1024 2894 1127 2947 mei]
1153 2895 1286 2947 Regis
1310 2895 1542 2948 praedictis
1566 2901 1669 2935 tunc
1693 2895 1864 2947 Majori,
1888 2895 2016 2936 Vice-

293 2967 537 3016 comitibus,
572 2967 867 3019 Burgensibus
899 2974 942 3008 et
970 2967 1221 3009 hominibus
1250 2969 1378 3009 villae
1407 2969 1656 3022 praedictae
1685 2969 1739 3009 de
1768 2969 2017 3021 praemissis

293 3041 430 3082 factas
476 3075 483 3081 .
531 3074 538 3081 .
585 3074 592 3081 .
642 3041 766 3081 nobis
809 3048 851 3082 et
888 3055 1003 3082 nunc
1042 3042 1211 3095 Majori,
1246 3042 1602 3091 Vicecomitibus,
1642 3042 1936 3095 Burgensibus
1974 3048 2017 3083 et

293 3115 545 3155 hominibus
577 3115 704 3155 villae
736 3116 985 3168 praedictae
1017 3129 1094 3168 per
1121 3123 1372 3169 praesentes
1405 3122 1695 3169 acceptamUS,
1719 3116 2015 3168 approbamus

294 3195 337 3229 et
365 3188 650 3239 ratificamus3
683 3195 726 3229 et
755 3189 919 3229 eisdem
949 3203 1063 3229 nunc
1095 3190 1264 3243 Majori,
1288 3189 1631 3231 Vicecomitibus
1654 3195 1697 3230 et
1720 3189 2015 3242 Burgensibus

295 3269 337 3303 et
359 3263 610 3303 hominibus
633 3263 760 3303 villae
790 3264 1039 3316 praedictae
1067 3278 1143 3316 per
1172 3270 1422 3317 praesentes
1449 3263 1740 3312 concedimus,
1764 3263 1892 3315 quod,
1916 3263 2015 3303 licet

294 3336 462 3377 litterae
501 3337 681 3377 Domini
719 3337 803 3377 mei
843 3338 975 3390 Regis
1013 3339 1261 3390 praedictae
1293 3339 1363 3388 eis,
1398 3345 1445 3378 ut
1482 3338 1754 3391 praedicitur,
1792 3336 2015 3378 confectae
