2165 3835
326 412 407 452 344
588 411 807 443 RECORDS
840 412 900 443 or
933 412 1033 443 THE
1066 411 1300 443 BOROUGH
1334 411 1394 442 or
1429 410 1775 442 NOTTINGIIAM.
1911 399 2042 453 [1484

322 533 568 574 Willelmus
591 541 634 574 et
656 534 836 575 heredes
860 535 943 575 mei
967 535 1238 588 praedictum
1266 540 1491 581 assartum,
1515 546 1613 572 cum
1644 533 1730 572 suis
1760 531 2042 584 pertinentiis,

320 607 525 659 praefatis
568 609 800 650 Canonicis
842 610 896 650 de
939 609 1153 658 Shelford,
1191 615 1234 649 et
1276 607 1594 648 successoribus
1636 606 1733 655 suis,
1771 605 1881 646 sicut
1921 619 2042 658 prae-

317 681 483 722 dictum
527 688 603 731 est,
641 689 792 723 contra
833 696 986 723 omnes
1028 683 1227 724 homines
1264 681 1654 729 warantizabimus,
1697 680 2042 732 acquietabimus

318 761 360 795 et
397 755 683 796 defendemus
726 757 1057 810 imperpetuum.
1135 757 1185 796 In
1229 755 1350 809 cujus
1394 755 1451 795 rei
1489 754 1787 795 testimonium
1826 755 2041 807 praesenti

317 829 479 882 scripto
501 829 690 882 sigillum
722 844 867 871 meum
898 831 1091 884 apposui.
1158 830 1256 870 Hiis
1287 829 1491 870 testibus:
1525 829 1727 869 Dominis
1759 828 1960 881 Philippo
1989 828 2044 868 de

319 903 540 956 Colevvyk,
566 904 803 957 Radulpho
825 906 879 945 de
902 905 1080 953 Arnall’,
1105 904 1325 953 militibus,
1351 904 1526 956 Rogero
1554 902 1750 955 Myllote‚
1774 902 1828 942 de
1852 901 2042 951 Carlton,

318 977 540 1018 Willelmo
563 979 617 1018 de
640 978 680 1018 la
703 979 883 1031 Basage,
899 978 1122 1019 Willelmo
1144 978 1199 1018 de
1223 977 1361 1030 Bully,
1383 977 1574 1017 Ricardo
1595 977 1805 1029 Yngmm,
1821 975 2043 1015 Willelmo

320 1051 460 1100 Brun',
483 1052 537 1092 de
561 1052 778 1105 Gedlyng,
801 1059 844 1093 et
867 1052 1007 1092 aliis.’1

407 1128 500 1167 Nos
523 1140 624 1167 vero
646 1127 1017 1180 Archiepiscopus
1041 1127 1297 1175 antedictus,
1321 1125 1684 1178 supplicationem
1715 1131 1757 1165 et
1786 1124 2042 1177 petitionem

319 1201 611 1254 praefatorum
638 1201 818 1254 Majoris
840 1208 882 1242 et
907 1202 1194 1254 Burgensium
1214 1201 1255 1240 in
1280 1201 1526 1253 praemissis
1545 1199 1700 1240 rationi
1719 1212 1812 1239 esse
1829 1212 2043 1239 consonas

320 1276 608 1325 attendentes
632 1276 891 1328 praemissas
915 1276 1155 1316 evidentias
1178 1275 1313 1324 nobiS,
1337 1281 1384 1315 ut
1407 1273 1655 1327 praefertur,
1679 1279 1977 1326 praesentatas
2000 1273 2042 1312 in

320 1350 490 1390 Notarii
528 1350 757 1403 subscripti
796 1356 837 1390 ct
874 1351 1050 1390 testium
1088 1349 1545 1389 infra-nominatorum
1583 1348 1838 1401 praesentia,
1872 1346 2044 1387 decimo

318 1437 435 1464 nono
456 1423 526 1464 die
549 1424 709 1464 mensis
733 1424 1015 1476 Septembris,
1040 1436 1155 1463 anno
1178 1423 1233 1463 ab
1258 1423 1564 1463 Incarnatione
1588 1422 1779 1471 Domini,
1803 1421 2042 1461 secundum

317 1511 488 1538 cursum
527 1504 569 1538 et
606 1498 980 1550 computationem
1026 1497 1247 1537 Ecclesiae
1284 1497 1570 1550 Anglicanae,
1608 1496 1839 1536 millesimo
1875 1502 2044 1536 CCCCfflO

316 1572 587 1625 octogesimo
621 1578 787 1625 quarto,
822 1578 865 1612 ct
899 1578 1073 1612 nostrae
1107 1571 1403 1612 translationis
1439 1584 1555 1612 anno
1591 1571 1755 1624 quinto,
1791 1570 1832 1609 in
1871 1582 2044 1609 camera

317 1647 543 1700 principali
574 1646 683 1687 infra
712 1647 893 1686 domum
924 1646 1207 1686 habitationis
1237 1645 1451 1698 Johannis
1486 1645 1622 1693 Hunt‚
1652 1645 1707 1684 de
1740 1642 2041 1695 Notyngham,

317 1728 490 1762 nostrae
526 1721 813 1761 Eboracensis
849 1721 1071 1761 Dioecesis
1105 1721 1277 1768 situata,
1301 1720 1489 1760 vidimus
1519 1726 1562 1760 et
1584 1718 1935 1759 examinavimus
1965 1716 2042 1757 dil-

316 1797 493 1849 igenter,
517 1809 565 1836 ac
589 1809 664 1848 per
688 1796 949 1848 Magistrum
976 1795 1213 1835 Ricardum
1238 1794 1548 1847 Bryndholme,
1572 1793 1785 1841 clericum,
1811 1792 2041 1832 Notarium

318 1870 543 1910 Publicum
588 1869 879 1922 subscriptum
923 1876 1208 1921 nostrumque
1251 1869 1292 1907 in
1336 1868 1417 1908 hac
1459 1874 1582 1921 parte
1623 1867 1808 1907 scribam
1852 1879 1927 1919 per
1964 1879 2042 1905 nos

316 1944 559 1997 specialiter
592 1950 878 1996 assumptum,
903 1943 1163 1992 transscribi,
1194 1943 1428 1983 transsumi
1463 1956 1511 1982 ac
1544 1943 1586 1982 in
1620 1947 1966 1994 transsumptum
2000 1946 2043 1981 et

316 2019 535 2072 publicam
559 2017 743 2058 formam
772 2018 907 2071 redigi
939 2018 1255 2066 mandavimus,
1279 2018 1572 2066 decernentes,
1597 2015 1855 2057 auctoritate
1884 2021 2042 2064 nostra,

315 2100 528 2146 quantum
572 2094 614 2133 in
657 2093 782 2133 nobis
824 2099 899 2141 est,
942 2093 1059 2145 quod
1103 2092 1353 2145 hujusmodi
1397 2091 1728 2144 transscriptum
1773 2091 1862 2129 sive
1905 2096 2042 2130 trans-

315 2173 540 2220 sumptum
571 2173 743 2207 tantum
777 2167 982 2219 vigorem,
1012 2167 1099 2207 vim
1133 2174 1176 2207 ct
1208 2166 1412 2207 effectum
1445 2166 1643 2206 obtineat
1675 2171 1887 2217 quantum
1918 2177 2039 2217 prae-

314 2243 458 2283 dictae
494 2241 738 2282 evidentiae
774 2241 1017 2293 originales,
1052 2248 1094 2281 et
1131 2242 1248 2293 quod
1287 2241 1428 2281 eidem
1467 2239 1572 2280 fides
1611 2238 1790 2278 indubia
1823 2238 2042 2290 perpetuis

315 2315 468 2357 futuris
490 2315 760 2369 temporibus
783 2315 1043 2356 adhibeatur
1065 2315 1247 2355 ubilibet
1270 2316 1310 2354 in
1335 2315 1525 2367 agendis.

402 2390 453 2430 In
477 2403 662 2442 quorum
690 2389 886 2429 omnium
916 2389 1216 2430 testimonium
1248 2395 1380 2442 atque
1409 2388 1539 2428 fidem
1570 2388 1647 2427 has
1678 2387 1842 2427 litteras
1871 2392 2041 2426 nostras

313 2465 403 2505 sive
435 2477 640 2517 praesens
672 2463 895 2516 publicum
928 2463 1267 2504 instrumentum
1302 2463 1403 2503 inde
1435 2461 1681 2503 confectum
1715 2461 1841 2513 signo
1870 2466 1912 2501 et
1941 2460 2040 2500 sub-

313 2538 548 2591 scriptione
581 2538 790 2590 praedicti
825 2537 991 2578 scribae
1025 2538 1159 2578 nostri
1194 2551 1281 2577 una
1313 2551 1411 2577 cum
1446 2536 1713 2589 appensione
1745 2534 1873 2587 sigilli
1906 2534 2041 2574 nostri

314 2613 493 2653 fecimus
516 2612 785 2652 communiri.
850 2612 968 2652 Data
990 2618 1033 2652 et
1055 2618 1153 2652 acta
1175 2618 1277 2652 sunt
1299 2611 1406 2651 haec
1429 2617 1557 2663 prout
1579 2623 1709 2662 supra
1732 2608 1977 2648 scribuntur
1999 2614 2042 2648 et

314 2687 548 2727 recitantur
577 2686 657 2726 sub
686 2699 802 2726 anno
834 2686 1024 2735 Domini,
1050 2699 1209 2735 mense,
1232 2686 1302 2726 die
1328 2692 1371 2725 et
1401 2685 1496 2725 loco
1525 2683 1768 2736 praedictis,
1795 2682 2040 2722 Indictione

313 2761 514 2810 secunda,
547 2759 827 2813 pontificatus
860 2760 1121 2800 sanctissimi
1156 2760 1196 2799 in
1232 2759 1406 2801 Christo
1439 2758 1572 2810 patris
1605 2764 1647 2797 et
1681 2756 1860 2796 Domini
1894 2756 2040 2803 nostri,

316 2835 494 2875 Domini
529 2834 656 2881 sixti,
689 2834 837 2874 divina
869 2834 1153 2886 providentia,
1190 2834 1334 2886 Papae
1367 2832 1521 2886 Quarti
1556 2845 1671 2871 anno
1700 2830 2039 2883 quartodecimo,

313 2909 613 2961 praesentibus
646 2915 748 2949 tunc
784 2909 945 2948 ibidem
978 2907 1298 2948 venerabilibus
1330 2907 1430 2947 viris
1466 2906 1661 2946 Roberto
1696 2905 1859 2952 Rither,
1894 2904 2039 2952 milite,

314 2983 529 3035 Magistro
551 2982 774 3022 Willelmo
804 2982 1053 3031 Constable,
1084 2982 1291 3022 ecclesiae
1320 2987 1495 3021 nostrae
1524 2979 1869 3031 metropoliticae
1903 2978 2040 3018 Ebor-

313 3057 479 3097 acensis
516 3057 824 3106 Sub-Decano,
855 3057 1078 3096 &Villelmo
1116 3055 1364 3104 Chauntrel,
1397 3067 1619 3106 generoso,
1653 3059 1695 3092 et
1730 3052 1833 3101 aliis,
1867 3057 2040 3091 nostrae

317 3131 540 3171 Dioecesis
577 3131 865 3170 Eboracensis
903 3144 952 3170 ac
988 3130 1298 3171 Coventrensis
1336 3135 1378 3168 ct
1415 3127 1730 3167 Lichfeldensis
1767 3125 1950 3166 testibus
1984 3125 2039 3165 ad

314 3206 553 3258 praemissa
576 3205 740 3245 vocatis
763 3205 1008 3257 specialiter
1030 3211 1072 3244 ct
1096 3204 1267 3256 rogatis.

399 3279 484 3318 2Είῑ
525 3292 607 3330 cgo
652 3277 864 3318 Ricardus
909 3277 1219 3330 Bryndholme,
1260 3276 1437 3316 clericus
1478 3274 1762 3315 Karliolcnsis
1801 3273 2038 3319 Diocccsis,

330 3372 337 3385 ¹
366 3369 455 3400 Here
472 3368 598 3399 follows
615 3379 633 3398 a
649 3378 732 3408 copy
745 3368 781 3399 of
794 3367 1004 3408 Archbishop
1023 3365 1176 3398 Gifsard's
1192 3366 1313 3397 Award
1332 3366 1367 3397 of
1381 3374 1455 3397 A.1).
1475 3373 1566 3404 1270,
1583 3364 1711 3405 printed
1730 3364 1761 3395 in
1779 3365 1842 3394 vol.
1861 3364 1895 3401 i.,
1916 3374 1947 3404 p.
1968 3363 2020 3401 48.
