2165 3835
271 403 351 443 232
533 400 752 433 REcoRDs
785 400 845 432 OF
877 400 977 432 THE
1010 399 1246 432 ssoRoUGH
1279 399 1339 431 OF
1373 398 1721 431 NOTTINGHAM.
1857 387 1985 442 [1458

269 524 386 577 quod
409 524 540 565 iidem
564 524 756 577 quinque
778 537 901 564 arcus
931 530 1032 564 sunt
1053 522 1265 571 defectivi,
1290 522 1449 562 ruinosi
1473 528 1516 561 et
1539 534 1625 560 non
1656 520 1766 560 bene
1789 519 1986 572 reparati,

269 598 311 638 in
344 597 515 639 defectu
550 598 764 638 dictorum
799 597 1027 638 hominum
1063 596 1272 649 praedicti
1309 595 1590 648 VVapentagii
1625 595 1679 634 de
1715 593 1986 633 Barsetlowe.

269 672 327 712 Et
349 655 466 725 quod
496 671 732 725 columpna
766 672 910 711 media
944 671 1055 711 inter
1089 670 1266 710 eosdem
1296 669 1489 722 quinque
1518 681 1640 708 arcus
1670 674 1712 707 et
1741 667 1988 720 praedictos

267 747 459 799 quinque
497 760 630 796 arcus,
668 760 777 799 quos
815 745 1024 798 praedicti
1061 745 1260 785 homines
1297 743 1401 784 dicti
1438 742 1719 795 XVapentagii
1757 742 1811 781 de
1848 741 1988 781 Thur-

267 827 421 873 garton
452 827 494 860 et
526 820 664 869 Lithe,
695 826 742 860 ut
776 819 1046 872 praedictum
1082 825 1157 867 est,
1188 831 1387 871 reparare
1420 817 1592 865 debent,
1623 817 1665 855 in
1700 816 1854 855 eadem
1889 814 1991 855 villa

269 895 570 947 Notyngham'
612 901 677 934 est
718 893 933 933 defectiva
975 900 1017 933 et
1059 906 1145 932 non
1189 892 1299 932 bene
1345 898 1554 944 reparata,
1597 891 1639 930 in
1682 889 1854 930 defectu
1897 896 1989 929 tam

267 970 482 1010 dictorum
520 969 747 1008 hominum
791 967 986 1020 ejusdem
1030 966 1312 1019 &Vapentagii
1355 966 1409 1006 de
1451 965 1731 1017 Thurgarton
1774 970 1816 1003 et
1861 962 1991 1003 Lithe

270 1056 401 1096 quam
436 1043 651 1083 dictorum
687 1041 914 1081 hominum
951 1041 1160 1093 praedicti
1196 1039 1478 1092 &Vapentagii
1513 1039 1567 1079 (16
1601 1037 1884 1088 Barsetlowe3
1917 1036 1990 1090 qui

270 1117 446 1169 quidem
486 1116 684 1156 homines
722 1115 1003 1168 XVapentagii
1041 1115 1096 1155 de
1138 1114 1418 1167 Thurgarton
1457 1120 1499 1154 6(
1543 1113 1673 1153 Lithe
1709 1118 1752 1152 6(
1792 1111 1992 1152 homines

270 1191 550 1244 XVapentagii
586 1191 640 1230 de
676 1190 939 1230 Barsetlowe
973 1189 1255 1242 columpnam
1290 1188 1408 1228 illam
1444 1201 1642 1241 reparare
1674 1194 1717 1227 et
1748 1192 1992 1227 sustentare

272 1265 444 1314 debent,
477 1271 519 1305 et
553 1278 577 1304 a
614 1270 708 1305 toto
742 1270 939 1316 tempore
976 1264 1200 1317 praedicto
1232 1263 1476 1304 debuerunt
1514 1268 1556 1302 et
1593 1266 1911 1301 consueverunt
1948 1259 1991 1299 in

272 1339 505 1388 communi,
528 1344 605 1379 etc.

357 1414 440 1453 ‘Et
462 1413 579 1465 quod
612 1412 811 1452 homines
843 1412 1125 1465 XVapentagii
1148 1412 1202 1452 de
1233 1411 1419 1452 Newerk
1450 1424 1648 1464 reparare
1677 1416 1720 1450 et
1749 1415 1993 1449 sustentare

271 1488 443 1536 debent,
467 1494 509 1528 et
541 1502 566 1527 a
595 1494 689 1528 toto
720 1494 918 1540 tempore
949 1488 1173 1540 praedicto
1205 1487 1450 1527 debuerunt
1481 1493 1524 1526 et
1556 1490 1884 1533 consueverunt,
1907 1490 1993 1524 tres

271 1563 378 1603 alios
416 1576 538 1602 arcus
577 1562 723 1615 magni
761 1563 907 1615 pontis
948 1563 1156 1615 praedicti
1200 1562 1241 1601 in
1285 1562 1508 1614 praedicta
1549 1560 1650 1601 villa
1692 1558 1993 1612 Notyngham’

272 1636 504 1690 praedictis
539 1636 731 1689 quinque
765 1636 949 1676 arcubus
987 1636 1183 1689 ejusdem
1222 1637 1378 1689 pontis
1403 1649 1511 1688 quos
1548 1635 1758 1688 praedicti
1795 1634 1994 1674 homines

272 1711 375 1751 dicti
410 1710 692 1763 &Vapentagii
727 1711 782 1750 de
817 1710 1090 1759 Barsetlowe,
1114 1718 1160 1751 ut
1194 1711 1466 1763 praedictum
1501 1716 1576 1758 est,
1600 1722 1799 1762 reparare
1833 1707 1996 1748 debent

272 1799 329 1825 ex
364 1791 487 1837 parte
521 1784 697 1824 australi
733 1785 970 1824 eorundem
1005 1784 1276 1837 adjacentes:
1310 1785 1382 1837 qui
1412 1784 1589 1837 quidem
1625 1791 1710 1824 tres
1743 1796 1866 1823 arcus
1894 1795 1994 1822 con-

274 1860 414 1900 tinent
437 1859 478 1898 in
507 1858 780 1911 longitudine
809 1859 1043 1911 sexaginta
1066 1865 1108 1899 et
1138 1872 1295 1899 novem
1319 1859 1462 1911 pedes.
1528 1858 1586 1898 Et
1608 1857 1724 1910 quod
1756 1857 1886 1897 iidem
1910 1863 1995 1896 tres

274 1947 396 1973 arcus
419 1939 519 1973 sunt
537 1932 737 1973 defectivi
761 1939 803 1973 et
826 1946 912 1973 non
937 1933 1047 1973 bene
1071 1934 1267 1986 reparati,
1287 1934 1328 1973 in
1352 1932 1523 1974 defectu
1548 1932 1775 1972 hominum
1799 1930 1994 1983 ejusdem

273 2007 555 2061 XVapentagii
586 2008 640 2047 de
673 2008 869 2047 Newerk.
936 2008 993 2048 Et
1016 2008 1133 2060 quod
1166 2008 1403 2060 columpna
1435 2006 1579 2047 media
1611 2007 1722 2046 inter
1753 2012 1839 2046 tres
1871 2018 1996 2044 arcus

275 2082 369 2122 illos
392 2089 435 2122 et
457 2082 703 2135 praedictos
726 2082 918 2134 quinque
941 2095 1074 2131 arcus,
1093 2095 1202 2134 quos
1225 2081 1435 2134 praedicti
1458 2081 1656 2121 homines
1679 2079 1782 2120 dicti
1804 2079 1996 2132 XVapen-

275 2157 380 2210 tagii
407 2157 461 2197 de
490 2155 763 2204 Barsetlowe,
787 2162 834 2196 ut
866 2156 1137 2209 praedictum
1171 2162 1246 2205 est,
1271 2169 1469 2208 reparare
1495 2155 1667 2203 debent,
1691 2160 1756 2194 est
1782 2153 1998 2194 defectiva

275 2231 317 2270 in
341 2230 512 2271 defectu
536 2229 820 2282 reparationis
843 2236 934 2270 tam
958 2230 1174 2270 dictorum
1198 2230 1425 2270 hominum
1444 2228 1725 2282 &Vapentagii
1749 2229 1803 2268 de
1827 2228 1997 2267 Barset-

276 2306 383 2346 lowe
412 2318 543 2357 quam
573 2304 789 2344 dictorum
822 2304 1050 2344 hominum
1080 2304 1362 2356 XVapentagii
1392 2304 1446 2343 de
1477 2302 1685 2351 Newerk;
1717 2302 1789 2354 qui
1819 2301 1996 2354 quidem

276 2379 474 2420 homines
526 2378 807 2431 &Vapentagii
855 2379 910 2418 de
962 2378 1225 2418 Barsetlowe
1276 2385 1318 2418 et
1369 2377 1568 2417 homines
1619 2375 1901 2428 &Vapentagii
1943 2375 1998 2414 (16

278 2453 465 2494 Newerk
502 2452 783 2505 columpnam
821 2452 939 2492 illam
977 2466 1176 2505 reparare
1208 2459 1251 2492 et
1287 2457 1531 2492 sustentare
1562 2450 1734 2499 debent,
1768 2456 1810 2490 et
1845 2463 1869 2489 a
1903 2455 1998 2489 toto

278 2535 475 2580 tempore
497 2527 722 2580 praedicto
745 2526 989 2567 debuerunt
1011 2533 1054 2567 et
1076 2532 1394 2566 consueverunt
1417 2525 1459 2565 in
1483 2525 1716 2573 communi,
1741 2531 1818 2564 etc.

365 2605 373 2621 ‘
389 2602 447 2642 Et
469 2601 586 2654 quod
609 2601 808 2641 homines
831 2601 1112 2654 XVapentagii
1135 2602 1190 2641 de
1214 2600 1446 2653 Byngham
1470 2613 1669 2652 reparare
1691 2605 1733 2638 et
1756 2602 1999 2638 sustentare

279 2675 451 2725 debent,
494 2682 536 2716 et
579 2689 603 2715 a
648 2682 743 2715 toto
788 2682 986 2728 tempore
1030 2675 1254 2728 praedicto
1295 2675 1540 2715 debuerunt
1581 2680 1624 2714 et
1665 2678 1995 2720 consueverunt,

280 2751 503 2803 quandam
536 2756 705 2802 partem
736 2749 825 2789 sive
855 2749 1087 2802 parcellam
1119 2749 1266 2802 magni
1296 2749 1441 2802 pontis
1470 2747 1679 2802 praedicti
1710 2747 1752 2786 in
1776 2745 2000 2799 praedicta

280 2823 382 2864 villa
414 2822 715 2875 Notyngharn'
739 2823 864 2863 dictis
894 2823 1030 2863 tribus
1061 2823 1255 2873 arcubus,
1285 2837 1394 2876 quos
1424 2822 1633 2876 praedicti
1666 2821 1865 2861 homines
1895 2820 1999 2861 dicti

280 2897 561 2949 W'apentagii
590 2897 644 2936 de
674 2896 872 2946 Newerk,
896 2904 942 2937 ut
971 2897 1242 2950 praedictum
1273 2904 1348 2946 est,
1372 2910 1570 2950 reparare
1599 2895 1770 2944 debent,
1795 2909 1851 2934 ex
1874 2900 1997 2947 parte

282 2971 458 3011 australi
506 2972 743 3011 eorundem
791 2971 1109 3024 adjacentem:1
1162 2985 1274 3025 quae
1315 2971 1491 3024 quidem
1534 2983 1633 3024 pars
1679 2971 1768 3010 sive
1810 2968 2001 3022 parcella

282 3045 477 3085 continet
509 3045 551 3084 in
589 3045 862 3097 longitudine
895 3052 1071 3086 centum
1109 3053 1152 3086 et
1188 3046 1380 3098 quinque
1416 3046 1560 3098 pedes,
1594 3051 1637 3085 6(
1673 3051 1738 3084 est
1774 3043 1999 3091 defectiva,

283 3119 456 3159 ruinosa
485 3125 527 3158 et
557 3132 643 3158 non
674 3119 784 3158 bene
814 3126 1023 3172 reparata,
1047 3120 1089 3159 in
1120 3119 1292 3160 defectu
1324 3119 1552 3159 hominum
1583 3118 1686 3158 dicti
1719 3116 2000 3169 W⁷apentagii

283 3194 337 3234 de
361 3193 603 3247 Byngham.
668 3193 727 3233 Et
749 3194 867 3245 quod
890 3193 1126 3246 columpna
1155 3193 1300 3233 media
1321 3193 1432 3233 inter
1460 3199 1629 3245 partem
1652 3191 1742 3231 sive
1766 3189 1999 3243 parcellam

285 3268 403 3308 illam
441 3274 483 3308 et
520 3267 766 3320 praedictos
802 3273 888 3307 tres
929 3281 1062 3316 arcus,
1098 3281 1206 3320 quos
1241 3266 1450 3319 praedicti
1484 3265 1682 3306 homines
1720 3263 2000 3317 &Vapentagii

813 3360 821 3373 ¹
846 3357 1069 3397 adjacentemd
1090 3355 1312 3397 ‘adjacentiu’
1330 3356 1380 3394 (2),
1400 3356 1474 3388 MS.
