2165 3835
282 405 363 444 290
545 399 763 431 RECORDs
796 398 856 430 OF
888 398 988 428 THE
1022 397 1257 429 nonomen
1291 398 1350 428 OF
1386 397 1731 429 NOTTINGHAM.
1869 387 1996 440 [1473

282 526 350 565 De
372 523 594 563 Willelmo
619 523 772 562 Featte
796 535 873 574 pro
896 521 1108 560 consimili
1132 521 1293 560 ibidem
1403 554 1408 558 .
1530 554 1534 559 .
1881 518 1998 571 xvjd.

282 600 350 638 De
370 597 573 650 Johanne
596 595 826 636 Thornton
850 608 928 647 pro
951 594 1165 634 consimili
1189 594 1350 634 ibidem
1407 627 1413 633 .
1534 628 1538 632 .
1749 593 1818 646 ijd.
1843 593 1909 633 ob.
1934 606 1998 645 qa.

283 673 351 712 De
373 671 595 711 Willelmo
619 669 870 711 Chaundler
892 682 969 720 pro
992 668 1205 707 consimili
1230 668 1412 708 ibidem.
1534 702 1539 707 .
1798 667 1887 719 vijs.
1913 667 2000 706 ixd.

284 748 352 787 De
372 745 575 798 Johanne
600 744 746 784 Husse
769 757 847 796 pro
869 742 1083 782 consimili
1107 742 1284 781 ibidem.
1406 776 1411 781 .
1532 776 1537 781 .
1786 741 1910 794 xxjd.
1935 741 2001 781 ob.

284 821 352 861 De
373 819 576 872 Johanne
600 819 748 870 Doget
771 831 849 870 pro
871 816 1084 856 consimili
1109 816 1270 856 ibidem
1409 850 1414 855 .
1536 850 1541 855 .
1941 815 2001 867 ijs.

285 895 352 934 De
374 894 577 946 Johanna
600 893 799 934 Goddert
821 905 898 943 pro
921 890 1135 930 consimili
1159 890 1319 930 ibidem
1408 925 1412 929 ,
1535 925 1539 929 ,
1762 889 1910 942 xviijd.
1935 890 2001 929 ob.

286 970 353 1008 De
375 968 576 1021 Johanne
602 966 703 1006 Pole
726 979 803 1018 pro
826 965 1038 1004 consimili
1064 964 1224 1004 ibidem
1282 998 1286 1003 .
1409 999 1412 1003 ,
1535 999 1540 1003 .
1744 964 1818 1016 vjs.
1844 964 1913 1016 ijd.
1938 977 2002 1016 qa.

287 1043 354 1083 De
380 1043 572 1094 Hugone
598 1042 828 1093 Hampton
853 1053 930 1092 pro
953 1039 1166 1079 consimili
1191 1040 1352 1079 ibidem
1412 1074 1416 1078 .
1538 1073 1542 1078 .
1812 1038 1911 1090 vijd.
1937 1038 2003 1077 ob.

287 1117 354 1156 De
377 1116 573 1155 Waltero
598 1115 788 1155 Ledsam
812 1127 890 1166 pro
913 1113 1125 1152 consimili
1149 1113 1311 1153 ibidem
1412 1148 1416 1152 .
1539 1148 1543 1151 .
1734 1127 1789 1152 vs.
1814 1112 1914 1165 vijd.
1939 1126 2003 1164 qa.

287 1191 356 1231 De
379 1190 595 1230 Nicholao
619 1189 735 1241 Eyre
758 1201 835 1240 pro
858 1187 1072 1226 consimili
1096 1187 1256 1227 ibidem
1285 1221 1290 1226 .
1412 1222 1417 1226 .
1540 1222 1544 1226 .
1813 1186 1913 1239 vijd.
1939 1199 2004 1238 qa*

288 1266 356 1305 De
381 1264 599 1304 Edwardo
623 1262 814 1304 Goldore
837 1275 914 1314 pro
937 1261 1149 1301 consimili
1174 1261 1335 1301 ibidem
1413 1296 1417 1300 ,
1539 1295 1543 1299 .
1859 1260 1916 1312 jd.
1941 1273 2006 1312 qa.

288 1340 356 1378 De
377 1339 581 1391 Johanna
605 1338 826 1379 Swetnam
851 1349 929 1388 pro
951 1335 1163 1375 consimili
1189 1335 1349 1375 ibidem
1412 1369 1416 1374 .
1539 1370 1542 1374 .
1781 1335 1916 1387 xiiijd.
1940 1335 2006 1375 ob.

290 1414 356 1452 De
408 1412 602 1452 Roberto
646 1410 787 1458 Halle,
830 1410 884 1449 de
928 1408 1164 1461 Brigeford,
1208 1423 1285 1461 pro
1334 1410 1547 1449 consimili

461 1487 620 1526 ibidem
655 1518 660 1523 .
782 1518 786 1523 .
908 1517 913 1522 .
1035 1517 1040 1522 .
1161 1517 1166 1522 .
1288 1518 1293 1523 .
1350 1530 1352 1532 v
1415 1518 1420 1523 .
1541 1518 1546 1522 .
1903 1483 2008 1536 xijd.

290 1561 357 1601 De
379 1560 581 1613 Johanne
603 1559 788 1606 Alestre‚
814 1565 939 1609 νίψεν,
964 1571 1041 1609 pro
1064 1557 1277 1597 consimili
1302 1558 1463 1597 ibidem
1541 1592 1545 1597 .
1834 1557 1917 1610 vjd.
1942 1557 2008 1597 ob.

290 1637 358 1675 De
379 1636 584 1688 Johanna
607 1633 750 1674 Grene
773 1645 850 1684 pro
873 1631 1087 1670 consimili
1111 1631 1294 1671 ibidem.
1416 1666 1421 1670 .
1544 1666 1548 1670 .
1857 1631 1917 1683 ijs.
1943 1631 2008 1671 ob.

291 1710 358 1749 De
383 1708 572 1748 Ricardo
595 1706 814 1748 Gotheam
838 1719 916 1758 pro
939 1705 1152 1745 consimili
1177 1706 1338 1745 ibidem
1416 1740 1420 1745 .
1543 1741 1547 1745 .
1797 1706 1919 1746 xixd.
1944 1719 2009 1758 qa.

291 1784 358 1823 De
385 1783 576 1835 Hugone
601 1781 854 1833 Bynington
879 1793 956 1832 pro
979 1779 1192 1819 consimili
1217 1780 1378 1820 ibidem
1417 1813 1422 1818 .
1544 1814 1548 1818 .
1924 1780 2010 1832 iijd.

292 1858 359 1897 De
383 1858 633 1908 Margareta
655 1855 830 1895 Alestre
854 1868 931 1906 pro
954 1854 1167 1894 consimili
1192 1854 1353 1894 ibidem
1416 1888 1420 1893 .
1543 1888 1547 1893 .
1689 1854 1794 1894 lxvs.
1819 1854 1918 1906 vijd.
1943 1854 2009 1894 ob⁴

292 1932 359 1971 De
396 1930 618 1970 Willelmo
657 1930 933 1982 Babyngton‚
967 1929 1194 1981 armiger0‚
1228 1942 1305 1981 pro
1338 1929 1551 1968 consimili

463 2004 623 2044 ibidem
657 2037 662 2042 .
784 2036 789 2041 .
911 2036 916 2041 .
1038 2036 1043 2041 .
1165 2036 1169 2041 .
1292 2036 1296 2041 .
1418 2037 1423 2041 .
1545 2037 1549 2041 .
1713 2003 1823 2055 xlijs.
1849 2003 1920 2042 xd.
1945 2002 2011 2042 ob.

292 2080 360 2119 De
386 2079 574 2119 Ricardo
596 2077 843 2117 Wenslawe
866 2083 908 2116 et
1200 2090 1337 2116 uxore
1361 2077 1451 2129 ejus
1476 2091 1553 2129 pro

464 2150 677 2191 consimili
701 2150 861 2190 ibidem
913 2183 917 2188 .
1040 2184 1044 2188 .
1167 2184 1170 2188 .
1293 2185 1298 2189 .
1420 2185 1425 2190 .
1547 2185 1551 2190 .
1823 2166 1884 2191 xs.
1910 2151 2011 2203 iiijd.

294 2228 361 2267 De
406 2226 600 2266 Roberto
652 2226 908 2277 Rempston‚
951 2226 1176 2277 armigero,
1220 2240 1297 2277 pro
1340 2227 1552 2266 consimili

466 2301 626 2340 ibidem
660 2333 666 2339 .
787 2333 792 2338 .
914 2332 917 2337 .
1041 2334 1045 2338 .
1167 2334 1172 2338 .
1295 2335 1299 2339 .
1421 2335 1426 2339 .
1547 2335 1552 2339 .
1837 2301 1917 2353 xjs.
1943 2300 2012 2353 ijd.

295 2377 362 2416 De
385 2375 559 2415 Thoma
581 2374 771 2414 Ylkston
795 2388 873 2426 pro
896 2374 1109 2413 consimili
1134 2375 1293 2414 ibidem
1421 2409 1425 2413 .
1547 2409 1552 2414 .
1866 2389 1922 2414 vs.
1947 2375 2012 2414 vd.

295 2451 363 2490 De
384 2449 587 2502 Johanne
612 2448 760 2500 Dalby
783 2462 860 2500 pro
883 2447 1097 2487 consimili
1123 2448 1283 2488 ibidem
1419 2483 1423 2487 .
1546 2483 1549 2487 .
1629 2449 1753 2501 xvijs.
1775 2449 1834 2501 jd.
1858 2449 1923 2488 ob.
1950 2462 2014 2500 qa.

296 2525 364 2564 De
388 2523 546 2565 Carolo
571 2523 727 2564 Schaw
749 2536 827 2574 pro
850 2521 1063 2561 consimili
1088 2522 1247 2562 ibidem
1293 2557 1298 2561 .
1420 2558 1424 2561 ,
1547 2557 1551 2562 ,
1632 2522 1739 2575 xvjs.
1764 2522 1834 2575 ijd.
1859 2522 1924 2562 ob.
1949 2535 2013 2574 qa.

298 2599 366 2638 De
389 2598 532 2637 Alicia
557 2598 805 2649 Lyversege
827 2610 905 2648 pro
928 2596 1140 2636 consimili
1166 2597 1325 2636 ibidem
1423 2631 1427 2635 .
1550 2632 1553 2635 .
1647 2596 1755 2648 xvjs.
1776 2595 1834 2648 jd.
1859 2596 1924 2635 ob.
1949 2609 2014 2648 qa.

299 2673 366 2712 De
389 2671 608 2723 Margeria
633 2670 942 2710 Fitz-William
966 2683 1044 2722 pro
1066 2670 1278 2710 consimili
1303 2671 1463 2710 ibidem
1546 2705 1550 2709 .
1729 2670 1817 2724 vijs.
1842 2670 1925 2722 vjd.
1950 2683 2014 2722 qa.

299 2747 367 2786 De
388 2746 590 2798 Johanne
614 2744 846 2796 Byngham
871 2758 948 2796 pro
972 2744 1184 2784 consimili
1210 2744 1369 2784 ibidem
1423 2778 1428 2783 .
1551 2779 1555 2782 .
1750 2743 1829 2796 xjs.
1855 2743 1925 2796 ijd.
1950 2757 2014 2795 qa.

301 2822 368 2860 De
393 2820 582 2859 Ricardo
606 2819 850 2860 Stevenson
875 2832 952 2870 pro
975 2818 1187 2858 consimili
1213 2818 1373 2858 ibidem
1422 2853 1426 2856 .
1548 2852 1552 2856 ,
1867 2817 2015 2869 xviijd.

300 2896 368 2934 De
393 2894 581 2934 Ricardo
606 2892 838 2945 Byngham
862 2906 940 2944 pro
962 2892 1175 2932 consimili
1200 2892 1359 2932 ibidem
1423 2926 1427 2930 .
1550 2926 1554 2930 .
1642 2892 1719 2930 ixs.
1745 2891 1833 2943 xjd.
1859 2891 1924 2931 ob.
1950 2905 2015 2943 qa.

302 2969 369 3008 De
420 2968 609 3007 Ricardo
660 2966 903 3018 Byngham,
953 2967 1177 3018 armigero,
1225 2980 1303 3018 pro
1345 2966 1558 3006 consimili

473 3041 633 3081 ibidem
667 3075 672 3079 .
793 3074 798 3079 .
920 3074 924 3079 .
1045 3074 1051 3079 .
1172 3074 1177 3079 .
1298 3074 1303 3078 .
1425 3074 1430 3079 .
1551 3074 1556 3078 .
1804 3040 1927 3079 xixd.
1951 3039 2016 3078 ob.

304 3116 371 3155 De
393 3115 616 3155 Willelmo
640 3114 800 3154 Forthe
823 3128 901 3166 pro
923 3114 1135 3153 consimili
1159 3115 1320 3154 ibidem
1425 3148 1430 3153 .
1553 3148 1557 3152 .
1730 3128 1787 3153 vs.
1812 3113 1926 3165 viijd.
1952 3126 2016 3165 qa.

305 3190 372 3228 De
398 3189 589 3240 Hugone
612 3188 892 3228 Manchester
913 3202 991 3240 pro
1014 3188 1227 3227 consimili
1252 3188 1411 3228 ibidem
1551 3222 1556 3226 .
1851 3187 1926 3239 iijs.
1951 3187 2017 3226 ob.

305 3263 372 3302 De
394 3262 595 3315 Johanne
619 3262 841 3313 Stonesby
863 3275 941 3314 pro
963 3261 1176 3301 consimili
1199 3262 1360 3302 ibidem
1424 3295 1429 3301 .
1551 3295 1556 3300 .
1657 3275 1714 3300 vs.
1739 3261 1838 3312 vijd.
1863 3261 1928 3300 ob.
1953 3273 2017 3312 qa.

307 3337 374 3376 De
397 3337 570 3376 Thoma
595 3336 775 3388 Rowley
798 3350 875 3388 pro
898 3336 1110 3375 consimili
1135 3336 1295 3375 ibidem
1426 3369 1431 3374 .
1552 3368 1558 3373 .
1691 3348 1815 3387 xnijs.
1842 3335 1927 3373 ixd.
1953 3347 2018 3387 qa.
