<?xml version="1.0" encoding="UTF-8"?>
<!DOCTYPE html PUBLIC "-//W3C//DTD XHTML 1.0 Transitional//EN"
    "http://www.w3.org/TR/xhtml1/DTD/xhtml1-transitional.dtd">
<html xmlns="http://www.w3.org/1999/xhtml" xml:lang="en" lang="en">
 <head>
  <title>
</title>
<meta http-equiv="Content-Type" content="text/html;charset=utf-8" />
  <meta name='ocr-system' content='tesseract 3.04.00' />
  <meta name='ocr-capabilities' content='ocr_page ocr_carea ocr_par ocr_line ocrx_word'/>
</head>
<body>
  <div class='ocr_page' id='page_1' title='image "./recordsofborough02nott_0218.png"; bbox 0 0 2165 3835; ppageno 0'>
   <div class='ocr_carea' id='block_1_1' title="bbox 274 401 1988 454">
    <p class='ocr_par' dir='ltr' id='par_1_1' title="bbox 274 401 1988 454">
     <span class='ocr_line' id='line_1_1' title="bbox 274 401 1988 454; baseline 0.001 -14"><span class='ocrx_word' id='word_1_1' title='bbox 274 410 351 450; x_wconf 82' lang='lat'><strong>190</strong></span> <span class='ocrx_word' id='word_1_2' title='bbox 535 409 751 440; x_wconf 69' lang='lat' dir='ltr'>RECORDS</span> <span class='ocrx_word' id='word_1_3' title='bbox 784 409 844 440; x_wconf 83' lang='lat' dir='ltr'><strong>OF</strong></span> <span class='ocrx_word' id='word_1_4' title='bbox 877 409 977 440; x_wconf 89' lang='lat' dir='ltr'><strong>THE</strong></span> <span class='ocrx_word' id='word_1_5' title='bbox 1010 409 1245 440; x_wconf 75' lang='lat' dir='ltr'>ROROUGH</span> <span class='ocrx_word' id='word_1_6' title='bbox 1280 409 1340 440; x_wconf 76' lang='lat' dir='ltr'><strong>OF</strong></span> <span class='ocrx_word' id='word_1_7' title='bbox 1375 409 1722 441; x_wconf 80' lang='lat' dir='ltr'>NOTTINGHAM.</span> <span class='ocrx_word' id='word_1_8' title='bbox 1859 401 1988 454; x_wconf 74' lang='lat'>[1448</span> 
     </span>
    </p>
   </div>
   <div class='ocr_carea' id='block_1_2' title="bbox 264 531 1992 3257">
    <p class='ocr_par' dir='ltr' id='par_1_2' title="bbox 265 531 1990 1104">
     <span class='ocr_line' id='line_1_2' title="bbox 266 531 1988 581; baseline 0.001 -10"><span class='ocrx_word' id='word_1_9' title='bbox 266 545 411 572; x_wconf 84' lang='lat' dir='ltr'><strong>eoram</strong></span> <span class='ocrx_word' id='word_1_10' title='bbox 436 532 571 581; x_wconf 89' lang='lat' dir='ltr'><strong>nobis,</strong></span> <span class='ocrx_word' id='word_1_11' title='bbox 595 532 825 573; x_wconf 81' lang='lat' dir='ltr'>heredibus</span> <span class='ocrx_word' id='word_1_12' title='bbox 855 538 897 573; x_wconf 91' lang='lat' dir='ltr'><strong>et</strong></span> <span class='ocrx_word' id='word_1_13' title='bbox 920 532 1239 572; x_wconf 88' lang='lat' dir='ltr'><strong>successoribus</strong></span> <span class='ocrx_word' id='word_1_14' title='bbox 1263 532 1431 580; x_wconf 86' lang='lat' dir='ltr'><strong>nostris,</strong></span> <span class='ocrx_word' id='word_1_15' title='bbox 1456 532 1497 571; x_wconf 93' lang='lat' dir='ltr'><strong>in</strong></span> <span class='ocrx_word' id='word_1_16' title='bbox 1530 531 1801 573; x_wconf 85' lang='lat' dir='ltr'><strong>Cancellaria</strong></span> <span class='ocrx_word' id='word_1_17' title='bbox 1829 539 1988 581; x_wconf 85' lang='lat' dir='ltr'><strong>nostra,</strong></span> 
     </span>
     <span class='ocr_line' id='line_1_3' title="bbox 267 605 1990 659; baseline 0 -13"><span class='ocrx_word' id='word_1_18' title='bbox 267 606 474 646; x_wconf 76' lang='lat' dir='ltr'><strong>heredum</strong></span> <span class='ocrx_word' id='word_1_19' title='bbox 527 614 570 647; x_wconf 93' lang='lat' dir='ltr'><strong>et</strong></span> <span class='ocrx_word' id='word_1_20' title='bbox 621 620 918 647; x_wconf 90' lang='lat' dir='ltr'><strong>successorum</strong></span> <span class='ocrx_word' id='word_1_21' title='bbox 971 613 1230 655; x_wconf 91' lang='lat' dir='ltr'><strong>nostrorum,</strong></span> <span class='ocrx_word' id='word_1_22' title='bbox 1272 619 1404 659; x_wconf 88' lang='lat' dir='ltr'><strong>quam</strong></span> <span class='ocrx_word' id='word_1_23' title='bbox 1453 619 1599 645; x_wconf 90' lang='lat' dir='ltr'><strong>coram</strong></span> <span class='ocrx_word' id='word_1_24' title='bbox 1642 605 1990 658; x_wconf 87' lang='lat' dir='ltr'><strong>quibuscumque</strong></span> 
     </span>
     <span class='ocr_line' id='line_1_4' title="bbox 265 680 1990 734; baseline -0.001 -14"><span class='ocrx_word' id='word_1_25' title='bbox 265 681 516 732; x_wconf 77' lang='lat' dir='ltr'><strong>justitiariis</strong></span> <span class='ocrx_word' id='word_1_26' title='bbox 559 687 602 722; x_wconf 90' lang='lat' dir='ltr'><strong>et</strong></span> <span class='ocrx_word' id='word_1_27' title='bbox 644 681 872 734; x_wconf 86' lang='lat' dir='ltr'><strong>Judicibus</strong></span> <span class='ocrx_word' id='word_1_28' title='bbox 919 680 1215 733; x_wconf 75' lang='lat' dir='ltr'><strong>spiritualibus</strong></span> <span class='ocrx_word' id='word_1_29' title='bbox 1259 687 1301 720; x_wconf 89' lang='lat' dir='ltr'><strong>et</strong></span> <span class='ocrx_word' id='word_1_30' title='bbox 1345 680 1637 720; x_wconf 89' lang='lat' dir='ltr'><strong>saecularibus</strong></span> <span class='ocrx_word' id='word_1_31' title='bbox 1684 680 1990 732; x_wconf 86' lang='lat' dir='ltr'><strong>prosequenda</strong></span> 
     </span>
     <span class='ocr_line' id='line_1_5' title="bbox 267 752 1989 807; baseline -0.001 -12"><span class='ocrx_word' id='word_1_32' title='bbox 267 761 308 795; x_wconf 86' lang='lat' dir='ltr'><strong>et</strong></span> <span class='ocrx_word' id='word_1_33' title='bbox 350 754 647 804; x_wconf 85' lang='lat' dir='ltr'><strong>defendenda;</strong></span> <span class='ocrx_word' id='word_1_34' title='bbox 699 762 741 795; x_wconf 90' lang='lat' dir='ltr'><strong>et</strong></span> <span class='ocrx_word' id='word_1_35' title='bbox 783 756 900 807; x_wconf 85' lang='lat' dir='ltr'><strong>quod</strong></span> <span class='ocrx_word' id='word_1_36' title='bbox 945 755 986 793; x_wconf 91' lang='lat' dir='ltr'><strong>in</strong></span> <span class='ocrx_word' id='word_1_37' title='bbox 1030 755 1192 794; x_wconf 86' lang='lat' dir='ltr'><strong>eisdem</strong></span> <span class='ocrx_word' id='word_1_38' title='bbox 1238 754 1444 806; x_wconf 76' lang='lat' dir='ltr'><strong>placitare</strong></span> <span class='ocrx_word' id='word_1_39' title='bbox 1486 754 1655 806; x_wconf 78' lang='lat' dir='ltr'><strong>possint</strong></span> <span class='ocrx_word' id='word_1_40' title='bbox 1696 760 1739 794; x_wconf 88' lang='lat' dir='ltr'><strong>et</strong></span> <span class='ocrx_word' id='word_1_41' title='bbox 1780 752 1989 806; x_wconf 83' lang='lat' dir='ltr'><strong>placitari,</strong></span> 
     </span>
     <span class='ocr_line' id='line_1_6' title="bbox 266 827 1989 882; baseline -0.002 -13"><span class='ocrx_word' id='word_1_42' title='bbox 266 830 529 882; x_wconf 88' lang='lat' dir='ltr'><strong>respondere</strong></span> <span class='ocrx_word' id='word_1_43' title='bbox 551 836 593 870; x_wconf 88' lang='lat' dir='ltr'><strong>et</strong></span> <span class='ocrx_word' id='word_1_44' title='bbox 617 830 887 882; x_wconf 83' lang='lat' dir='ltr'><strong>responderi:</strong></span> <span class='ocrx_word' id='word_1_45' title='bbox 920 836 962 869; x_wconf 91' lang='lat' dir='ltr'><strong>et</strong></span> <span class='ocrx_word' id='word_1_46' title='bbox 985 829 1102 881; x_wconf 83' lang='lat' dir='ltr'><strong>quod</strong></span> <span class='ocrx_word' id='word_1_47' title='bbox 1128 828 1272 881; x_wconf 85' lang='lat' dir='ltr'><strong>Major</strong></span> <span class='ocrx_word' id='word_1_48' title='bbox 1298 834 1340 868; x_wconf 88' lang='lat' dir='ltr'><strong>et</strong></span> <span class='ocrx_word' id='word_1_49' title='bbox 1366 828 1609 880; x_wconf 79' lang='lat' dir='ltr'><strong>Burgenses</strong></span> <span class='ocrx_word' id='word_1_50' title='bbox 1632 827 1827 880; x_wconf 85' lang='lat' dir='ltr'><strong>ejusdem</strong></span> <span class='ocrx_word' id='word_1_51' title='bbox 1851 827 1989 876; x_wconf 87' lang='lat' dir='ltr'><strong>villae,</strong></span> 
     </span>
     <span class='ocr_line' id='line_1_7' title="bbox 266 901 1990 956; baseline -0.002 -12"><span class='ocrx_word' id='word_1_52' title='bbox 266 910 308 944; x_wconf 91' lang='lat' dir='ltr'><strong>et</strong></span> <span class='ocrx_word' id='word_1_53' title='bbox 331 918 599 944; x_wconf 79' lang='lat' dir='ltr'><strong>successores</strong></span> <span class='ocrx_word' id='word_1_54' title='bbox 622 904 697 952; x_wconf 92' lang='lat' dir='ltr'><strong>sui,</strong></span> <span class='ocrx_word' id='word_1_55' title='bbox 722 917 797 956; x_wconf 91' lang='lat' dir='ltr'><strong>per</strong></span> <span class='ocrx_word' id='word_1_56' title='bbox 826 904 941 943; x_wconf 87' lang='lat' dir='ltr'><strong>idem</strong></span> <span class='ocrx_word' id='word_1_57' title='bbox 972 916 1132 942; x_wconf 91' lang='lat' dir='ltr'><strong>nomen</strong></span> <span class='ocrx_word' id='word_1_58' title='bbox 1163 909 1307 950; x_wconf 85' lang='lat' dir='ltr'><strong>terras,</strong></span> <span class='ocrx_word' id='word_1_59' title='bbox 1331 908 1593 949; x_wconf 88' lang='lat' dir='ltr'><strong>tenementa,</strong></span> <span class='ocrx_word' id='word_1_60' title='bbox 1618 901 1924 953; x_wconf 87' lang='lat' dir='ltr'><strong>possessiones,</strong></span> <span class='ocrx_word' id='word_1_61' title='bbox 1947 907 1990 941; x_wconf 89' lang='lat' dir='ltr'><strong>et</strong></span> 
     </span>
     <span class='ocr_line' id='line_1_8' title="bbox 266 975 1990 1031; baseline -0.002 -13"><span class='ocrx_word' id='word_1_62' title='bbox 266 978 614 1019; x_wconf 87' lang='lat' dir='ltr'><strong>hereditamenta</strong></span> <span class='ocrx_word' id='word_1_63' title='bbox 655 991 957 1031; x_wconf 84' lang='lat' dir='ltr'><strong>quaecumque</strong></span> <span class='ocrx_word' id='word_1_64' title='bbox 1002 977 1228 1029; x_wconf 80' lang='lat' dir='ltr'><strong>adquirere</strong></span> <span class='ocrx_word' id='word_1_65' title='bbox 1271 976 1450 1029; x_wconf 83' lang='lat' dir='ltr'><strong>possint,</strong></span> <span class='ocrx_word' id='word_1_66' title='bbox 1493 982 1640 1016; x_wconf 90' lang='lat' dir='ltr'><strong>tenere</strong></span> <span class='ocrx_word' id='word_1_67' title='bbox 1682 975 1761 1015; x_wconf 86' lang='lat' dir='ltr'><strong>sibi</strong></span> <span class='ocrx_word' id='word_1_68' title='bbox 1811 981 1854 1016; x_wconf 91' lang='lat' dir='ltr'><strong>et</strong></span> <span class='ocrx_word' id='word_1_69' title='bbox 1895 988 1990 1016; x_wconf 86' lang='lat' dir='ltr'><strong>suc-</strong></span> 
     </span>
     <span class='ocr_line' id='line_1_9' title="bbox 268 1052 987 1104; baseline -0.003 -12"><span class='ocrx_word' id='word_1_70' title='bbox 268 1052 510 1092; x_wconf 89' lang='lat' dir='ltr'><strong>cessoribus</strong></span> <span class='ocrx_word' id='word_1_71' title='bbox 533 1052 630 1100; x_wconf 82' lang='lat' dir='ltr'><strong>suis,</strong></span> <span class='ocrx_word' id='word_1_72' title='bbox 655 1052 987 1104; x_wconf 83' lang='lat' dir='ltr'><strong>imperpetuum.</strong></span> 
     </span>
    </p>

    <p class='ocr_par' dir='ltr' id='par_1_3' title="bbox 264 1125 1992 2429">
     <span class='ocr_line' id='line_1_10' title="bbox 355 1125 1991 1178; baseline -0.001 -12"><span class='ocrx_word' id='word_1_73' title='bbox 355 1126 413 1166; x_wconf 89' lang='lat' dir='ltr'><strong>Et</strong></span> <span class='ocrx_word' id='word_1_74' title='bbox 436 1127 620 1178; x_wconf 81' lang='lat' dir='ltr'><strong>insuper,</strong></span> <span class='ocrx_word' id='word_1_75' title='bbox 643 1126 697 1165; x_wconf 88' lang='lat' dir='ltr'><strong>de</strong></span> <span class='ocrx_word' id='word_1_76' title='bbox 726 1125 1064 1165; x_wconf 86' lang='lat' dir='ltr'><strong>habundantiori</strong></span> <span class='ocrx_word' id='word_1_77' title='bbox 1089 1125 1228 1177; x_wconf 76' lang='lat' dir='ltr'><strong>gratia</strong></span> <span class='ocrx_word' id='word_1_78' title='bbox 1258 1131 1416 1173; x_wconf 86' lang='lat' dir='ltr'><strong>nostra,</strong></span> <span class='ocrx_word' id='word_1_79' title='bbox 1439 1138 1495 1164; x_wconf 80' lang='lat' dir='ltr'><strong>ex</strong></span> <span class='ocrx_word' id='word_1_80' title='bbox 1520 1138 1639 1164; x_wconf 83' lang='lat' dir='ltr'><strong>mero</strong></span> <span class='ocrx_word' id='word_1_81' title='bbox 1663 1131 1784 1165; x_wconf 90' lang='lat' dir='ltr'><strong>motu</strong></span> <span class='ocrx_word' id='word_1_82' title='bbox 1808 1131 1851 1165; x_wconf 91' lang='lat' dir='ltr'><strong>et</strong></span> <span class='ocrx_word' id='word_1_83' title='bbox 1873 1131 1991 1165; x_wconf 89' lang='lat' dir='ltr'><strong>certa</strong></span> 
     </span>
     <span class='ocr_line' id='line_1_11' title="bbox 266 1199 1990 1252; baseline 0 -13"><span class='ocrx_word' id='word_1_84' title='bbox 266 1200 446 1240; x_wconf 89' lang='lat' dir='ltr'><strong>scientia</strong></span> <span class='ocrx_word' id='word_1_85' title='bbox 483 1200 650 1246; x_wconf 81' lang='lat' dir='ltr'><strong>nostris,</strong></span> <span class='ocrx_word' id='word_1_86' title='bbox 689 1199 993 1247; x_wconf 84' lang='lat' dir='ltr'><strong>concessimus,</strong></span> <span class='ocrx_word' id='word_1_87' title='bbox 1032 1213 1110 1252; x_wconf 91' lang='lat' dir='ltr'><strong>pro</strong></span> <span class='ocrx_word' id='word_1_88' title='bbox 1147 1199 1283 1247; x_wconf 88' lang='lat' dir='ltr'><strong>nobis,</strong></span> <span class='ocrx_word' id='word_1_89' title='bbox 1321 1199 1552 1239; x_wconf 89' lang='lat' dir='ltr'><strong>heredibus</strong></span> <span class='ocrx_word' id='word_1_90' title='bbox 1590 1205 1632 1239; x_wconf 89' lang='lat' dir='ltr'><strong>et</strong></span> <span class='ocrx_word' id='word_1_91' title='bbox 1669 1199 1990 1240; x_wconf 87' lang='lat' dir='ltr'><strong>successoribus</strong></span> 
     </span>
     <span class='ocr_line' id='line_1_12' title="bbox 266 1273 1989 1328; baseline -0.002 -13"><span class='ocrx_word' id='word_1_92' title='bbox 266 1275 433 1323; x_wconf 90' lang='lat' dir='ltr'><strong>nostris,</strong></span> <span class='ocrx_word' id='word_1_93' title='bbox 458 1274 688 1328; x_wconf 86' lang='lat' dir='ltr'><strong>praedictis</strong></span> <span class='ocrx_word' id='word_1_94' title='bbox 713 1287 826 1313; x_wconf 93' lang='lat' dir='ltr'><strong>nunc</strong></span> <span class='ocrx_word' id='word_1_95' title='bbox 852 1273 1146 1325; x_wconf 76' lang='lat' dir='ltr'><strong>Burgensibus</strong></span> <span class='ocrx_word' id='word_1_96' title='bbox 1175 1273 1302 1313; x_wconf 77' lang='lat' dir='ltr'><strong>villae</strong></span> <span class='ocrx_word' id='word_1_97' title='bbox 1326 1273 1447 1321; x_wconf 78' lang='lat' dir='ltr'><strong>illius,</strong></span> <span class='ocrx_word' id='word_1_98' title='bbox 1472 1280 1513 1313; x_wconf 91' lang='lat' dir='ltr'><strong>et</strong></span> <span class='ocrx_word' id='word_1_99' title='bbox 1543 1273 1862 1313; x_wconf 84' lang='lat' dir='ltr'><strong>successoribus</strong></span> <span class='ocrx_word' id='word_1_100' title='bbox 1891 1274 1989 1321; x_wconf 87' lang='lat' dir='ltr'><strong>suis,</strong></span> 
     </span>
     <span class='ocr_line' id='line_1_13' title="bbox 267 1347 1990 1402; baseline -0.001 -13"><span class='ocrx_word' id='word_1_101' title='bbox 267 1349 562 1402; x_wconf 80' lang='lat' dir='ltr'><strong>Burgensibus</strong></span> <span class='ocrx_word' id='word_1_102' title='bbox 590 1349 785 1401; x_wconf 85' lang='lat' dir='ltr'><strong>ejusdem</strong></span> <span class='ocrx_word' id='word_1_103' title='bbox 810 1348 946 1396; x_wconf 83' lang='lat' dir='ltr'><strong>villae,</strong></span> <span class='ocrx_word' id='word_1_104' title='bbox 971 1349 1304 1401; x_wconf 85' lang='lat' dir='ltr'><strong>imperpetuum,</strong></span> <span class='ocrx_word' id='word_1_105' title='bbox 1329 1348 1446 1400; x_wconf 84' lang='lat' dir='ltr'><strong>quod</strong></span> <span class='ocrx_word' id='word_1_106' title='bbox 1477 1348 1631 1388; x_wconf 89' lang='lat' dir='ltr'><strong>eadem</strong></span> <span class='ocrx_word' id='word_1_107' title='bbox 1654 1347 1756 1387; x_wconf 82' lang='lat' dir='ltr'><strong>villa</strong></span> <span class='ocrx_word' id='word_1_108' title='bbox 1787 1348 1990 1400; x_wconf 80' lang='lat' dir='ltr'><strong>Notyng-</strong></span> 
     </span>
     <span class='ocr_line' id='line_1_14' title="bbox 265 1421 1992 1476; baseline -0.001 -12"><span class='ocrx_word' id='word_1_109' title='bbox 265 1424 379 1464; x_wconf 86' lang='lat' dir='ltr'><strong>ham&#39;</strong></span> <span class='ocrx_word' id='word_1_110' title='bbox 403 1437 451 1463; x_wconf 91' lang='lat' dir='ltr'><strong>ac</strong></span> <span class='ocrx_word' id='word_1_111' title='bbox 474 1423 722 1476; x_wconf 87' lang='lat' dir='ltr'><strong>procinctus</strong></span> <span class='ocrx_word' id='word_1_112' title='bbox 752 1422 947 1475; x_wconf 86' lang='lat' dir='ltr'><strong>ejusdem</strong></span> <span class='ocrx_word' id='word_1_113' title='bbox 971 1430 1099 1475; x_wconf 85' lang='lat' dir='ltr'><strong>prout</strong></span> <span class='ocrx_word' id='word_1_114' title='bbox 1129 1436 1174 1462; x_wconf 91' lang='lat' dir='ltr'><strong>se</strong></span> <span class='ocrx_word' id='word_1_115' title='bbox 1196 1422 1445 1462; x_wconf 79' lang='lat' dir='ltr'><strong>extendunt</strong></span> <span class='ocrx_word' id='word_1_116' title='bbox 1474 1421 1540 1462; x_wconf 83' lang='lat' dir='ltr'><strong>vel</strong></span> <span class='ocrx_word' id='word_1_117' title='bbox 1564 1428 1754 1471; x_wconf 89' lang='lat' dir='ltr'><strong>utuntur,</strong></span> <span class='ocrx_word' id='word_1_118' title='bbox 1778 1423 1851 1475; x_wconf 85' lang='lat' dir='ltr'><strong>qui</strong></span> <span class='ocrx_word' id='word_1_119' title='bbox 1881 1421 1992 1462; x_wconf 87' lang='lat' dir='ltr'><strong>infra</strong></span> 
     </span>
     <span class='ocr_line' id='line_1_15' title="bbox 265 1495 1988 1551; baseline -0.001 -13"><span class='ocrx_word' id='word_1_120' title='bbox 265 1512 420 1551; x_wconf 90' lang='lat' dir='ltr'><strong>eorpus</strong></span> <span class='ocrx_word' id='word_1_121' title='bbox 445 1497 692 1540; x_wconf 87' lang='lat' dir='ltr'><strong>Comitatus</strong></span> <span class='ocrx_word' id='word_1_122' title='bbox 716 1497 1018 1549; x_wconf 79' lang='lat' dir='ltr'><strong>Notyngham’</strong></span> <span class='ocrx_word' id='word_1_123' title='bbox 1039 1497 1130 1549; x_wconf 88' lang='lat' dir='ltr'><strong>jam</strong></span> <span class='ocrx_word' id='word_1_124' title='bbox 1154 1496 1351 1536; x_wconf 80' lang='lat' dir='ltr'><strong>existunt</strong></span> <span class='ocrx_word' id='word_1_125' title='bbox 1378 1502 1420 1536; x_wconf 90' lang='lat' dir='ltr'><strong>et</strong></span> <span class='ocrx_word' id='word_1_126' title='bbox 1443 1495 1731 1545; x_wconf 86' lang='lat' dir='ltr'><strong>continentur,</strong></span> <span class='ocrx_word' id='word_1_127' title='bbox 1755 1496 1811 1536; x_wconf 91' lang='lat' dir='ltr'><strong>ab</strong></span> <span class='ocrx_word' id='word_1_128' title='bbox 1833 1496 1988 1537; x_wconf 89' lang='lat' dir='ltr'><strong>eodem</strong></span> 
     </span>
     <span class='ocr_line' id='line_1_16' title="bbox 267 1569 1992 1624; baseline -0.002 -10"><span class='ocrx_word' id='word_1_129' title='bbox 267 1573 491 1614; x_wconf 87' lang='lat' dir='ltr'><strong>Comitatu</strong></span> <span class='ocrx_word' id='word_1_130' title='bbox 528 1586 553 1612; x_wconf 85' lang='lat' dir='ltr'><strong>a</strong></span> <span class='ocrx_word' id='word_1_131' title='bbox 589 1572 743 1624; x_wconf 84' lang='lat' dir='ltr'><strong>quinto</strong></span> <span class='ocrx_word' id='word_1_132' title='bbox 780 1571 952 1611; x_wconf 87' lang='lat' dir='ltr'><strong>decimo</strong></span> <span class='ocrx_word' id='word_1_133' title='bbox 989 1570 1058 1610; x_wconf 86' lang='lat' dir='ltr'><strong>die</strong></span> <span class='ocrx_word' id='word_1_134' title='bbox 1096 1570 1256 1609; x_wconf 82' lang='lat' dir='ltr'><strong>mensis</strong></span> <span class='ocrx_word' id='word_1_135' title='bbox 1296 1570 1567 1622; x_wconf 83' lang='lat' dir='ltr'><strong>Septembris</strong></span> <span class='ocrx_word' id='word_1_136' title='bbox 1605 1570 1810 1623; x_wconf 79' lang='lat' dir='ltr'><strong>proximo</strong></span> <span class='ocrx_word' id='word_1_137' title='bbox 1847 1569 1992 1611; x_wconf 90' lang='lat' dir='ltr'><strong>futuro</strong></span> 
     </span>
     <span class='ocr_line' id='line_1_17' title="bbox 265 1644 1989 1699; baseline -0.001 -13"><span class='ocrx_word' id='word_1_138' title='bbox 265 1647 464 1699; x_wconf 84' lang='lat' dir='ltr'><strong>separati,</strong></span> <span class='ocrx_word' id='word_1_139' title='bbox 501 1646 706 1695; x_wconf 88' lang='lat' dir='ltr'><strong>distincti,</strong></span> <span class='ocrx_word' id='word_1_140' title='bbox 744 1646 880 1694; x_wconf 77' lang='lat' dir='ltr'><strong>divisi,</strong></span> <span class='ocrx_word' id='word_1_141' title='bbox 924 1651 966 1685; x_wconf 94' lang='lat' dir='ltr'><strong>et</strong></span> <span class='ocrx_word' id='word_1_142' title='bbox 1009 1645 1050 1684; x_wconf 89' lang='lat' dir='ltr'><strong>in</strong></span> <span class='ocrx_word' id='word_1_143' title='bbox 1093 1644 1296 1684; x_wconf 82' lang='lat' dir='ltr'><strong>omnibus</strong></span> <span class='ocrx_word' id='word_1_144' title='bbox 1340 1645 1513 1697; x_wconf 89' lang='lat' dir='ltr'><strong>penitus</strong></span> <span class='ocrx_word' id='word_1_145' title='bbox 1555 1645 1752 1698; x_wconf 77' lang='lat' dir='ltr'><strong>exempti</strong></span> <span class='ocrx_word' id='word_1_146' title='bbox 1795 1645 1989 1686; x_wconf 79' lang='lat' dir='ltr'><strong>existant</strong></span> 
     </span>
     <span class='ocr_line' id='line_1_18' title="bbox 265 1719 1990 1774; baseline -0.001 -14"><span class='ocrx_word' id='word_1_147' title='bbox 265 1721 598 1774; x_wconf 87' lang='lat' dir='ltr'><strong>imperpetuum,</strong></span> <span class='ocrx_word' id='word_1_148' title='bbox 641 1727 731 1761; x_wconf 90' lang='lat' dir='ltr'><strong>tam</strong></span> <span class='ocrx_word' id='word_1_149' title='bbox 776 1733 851 1773; x_wconf 86' lang='lat' dir='ltr'><strong>per</strong></span> <span class='ocrx_word' id='word_1_150' title='bbox 898 1726 1057 1759; x_wconf 88' lang='lat' dir='ltr'><strong>terram</strong></span> <span class='ocrx_word' id='word_1_151' title='bbox 1100 1732 1232 1771; x_wconf 83' lang='lat' dir='ltr'><strong>quam</strong></span> <span class='ocrx_word' id='word_1_152' title='bbox 1283 1732 1358 1771; x_wconf 88' lang='lat' dir='ltr'><strong>per</strong></span> <span class='ocrx_word' id='word_1_153' title='bbox 1407 1719 1799 1771; x_wconf 61' lang='lat' dir='ltr'><strong>aquam—Castro</strong></span> <span class='ocrx_word' id='word_1_154' title='bbox 1840 1726 1990 1760; x_wconf 89' lang='lat' dir='ltr'><strong>nostro</strong></span> 
     </span>
     <span class='ocr_line' id='line_1_19' title="bbox 267 1793 1991 1847; baseline -0.001 -12"><span class='ocrx_word' id='word_1_155' title='bbox 267 1794 569 1847; x_wconf 79' lang='lat' dir='ltr'><strong>Notyngham&#39;</strong></span> <span class='ocrx_word' id='word_1_156' title='bbox 599 1801 640 1835; x_wconf 89' lang='lat' dir='ltr'><strong>et</strong></span> <span class='ocrx_word' id='word_1_157' title='bbox 671 1794 896 1846; x_wconf 77' lang='lat' dir='ltr'><strong>mesuagio</strong></span> <span class='ocrx_word' id='word_1_158' title='bbox 927 1799 1076 1834; x_wconf 90' lang='lat' dir='ltr'><strong>nostro</strong></span> <span class='ocrx_word' id='word_1_159' title='bbox 1105 1800 1262 1834; x_wconf 78' lang='lat' dir='ltr'><strong>vocato</strong></span> <span class='ocrx_word' id='word_1_160' title='bbox 1297 1793 1358 1833; x_wconf 84' lang='lat' dir='ltr'><strong>‘le</strong></span> <span class='ocrx_word' id='word_1_161' title='bbox 1390 1793 1711 1846; x_wconf 81' lang='lat' dir='ltr'><strong>Kyngeshall,&#39;1</strong></span> <span class='ocrx_word' id='word_1_162' title='bbox 1738 1794 1778 1833; x_wconf 89' lang='lat' dir='ltr'><strong>in</strong></span> <span class='ocrx_word' id='word_1_163' title='bbox 1809 1807 1896 1846; x_wconf 88' lang='lat' dir='ltr'><strong>quo</strong></span> <span class='ocrx_word' id='word_1_164' title='bbox 1926 1801 1991 1835; x_wconf 89' lang='lat' dir='ltr'><strong>est</strong></span> 
     </span>
     <span class='ocr_line' id='line_1_20' title="bbox 265 1867 1990 1921; baseline 0 -13"><span class='ocrx_word' id='word_1_165' title='bbox 265 1868 393 1921; x_wconf 82' lang='lat' dir='ltr'><strong>gaola</strong></span> <span class='ocrx_word' id='word_1_166' title='bbox 426 1875 574 1909; x_wconf 87' lang='lat' dir='ltr'><strong>nostra</strong></span> <span class='ocrx_word' id='word_1_167' title='bbox 608 1868 909 1910; x_wconf 85' lang='lat' dir='ltr'><strong>Comitatuum</strong></span> <span class='ocrx_word' id='word_1_168' title='bbox 941 1874 1187 1908; x_wconf 87' lang='lat' dir='ltr'><strong>nostrorum</strong></span> <span class='ocrx_word' id='word_1_169' title='bbox 1220 1868 1521 1920; x_wconf 76' lang='lat' dir='ltr'><strong>Notyngham&#39;</strong></span> <span class='ocrx_word' id='word_1_170' title='bbox 1551 1874 1593 1908; x_wconf 86' lang='lat' dir='ltr'><strong>et</strong></span> <span class='ocrx_word' id='word_1_171' title='bbox 1628 1867 1865 1921; x_wconf 87' lang='lat' dir='ltr'><strong>Derb[iae]‚</strong></span> <span class='ocrx_word' id='word_1_172' title='bbox 1896 1875 1990 1909; x_wconf 89' lang='lat' dir='ltr'><strong>tan-</strong></span> 
     </span>
     <span class='ocr_line' id='line_1_21' title="bbox 265 1942 1990 1996; baseline 0.001 -13"><span class='ocrx_word' id='word_1_173' title='bbox 265 1944 496 1983; x_wconf 89' lang='lat' dir='ltr'><strong>tummodo</strong></span> <span class='ocrx_word' id='word_1_174' title='bbox 530 1944 843 1996; x_wconf 56' lang='lat' dir='ltr'><strong>exceptis—et</strong></span> <span class='ocrx_word' id='word_1_175' title='bbox 873 1943 990 1995; x_wconf 85' lang='lat' dir='ltr'><strong>quod</strong></span> <span class='ocrx_word' id='word_1_176' title='bbox 1026 1942 1179 1982; x_wconf 86' lang='lat' dir='ltr'><strong>eadem</strong></span> <span class='ocrx_word' id='word_1_177' title='bbox 1208 1942 1308 1982; x_wconf 79' lang='lat' dir='ltr'><strong>villa</strong></span> <span class='ocrx_word' id='word_1_178' title='bbox 1339 1942 1641 1995; x_wconf 80' lang='lat' dir='ltr'><strong>Notyngham&#39;</strong></span> <span class='ocrx_word' id='word_1_179' title='bbox 1671 1949 1713 1982; x_wconf 90' lang='lat' dir='ltr'><strong>et</strong></span> <span class='ocrx_word' id='word_1_180' title='bbox 1743 1943 1990 1995; x_wconf 82' lang='lat' dir='ltr'><strong>procinctus</strong></span> 
     </span>
     <span class='ocr_line' id='line_1_22' title="bbox 264 2016 1989 2070; baseline 0 -13"><span class='ocrx_word' id='word_1_181' title='bbox 264 2017 460 2070; x_wconf 87' lang='lat' dir='ltr'><strong>ejusdem</strong></span> <span class='ocrx_word' id='word_1_182' title='bbox 513 2024 642 2070; x_wconf 89' lang='lat' dir='ltr'><strong>prout</strong></span> <span class='ocrx_word' id='word_1_183' title='bbox 691 2031 735 2056; x_wconf 82' lang='lat' dir='ltr'><strong>se</strong></span> <span class='ocrx_word' id='word_1_184' title='bbox 777 2017 1025 2057; x_wconf 79' lang='lat' dir='ltr'><strong>extendunt</strong></span> <span class='ocrx_word' id='word_1_185' title='bbox 1068 2016 1133 2056; x_wconf 78' lang='lat' dir='ltr'><strong>vel</strong></span> <span class='ocrx_word' id='word_1_186' title='bbox 1180 2023 1371 2066; x_wconf 86' lang='lat' dir='ltr'><strong>utuntur,</strong></span> <span class='ocrx_word' id='word_1_187' title='bbox 1414 2017 1613 2069; x_wconf 78' lang='lat' dir='ltr'><strong>exceptis</strong></span> <span class='ocrx_word' id='word_1_188' title='bbox 1655 2018 1989 2070; x_wconf 80' lang='lat' dir='ltr'><strong>prae-exceptis,</strong></span> 
     </span>
     <span class='ocr_line' id='line_1_23' title="bbox 264 2090 1990 2143; baseline 0 -12"><span class='ocrx_word' id='word_1_189' title='bbox 264 2092 349 2132; x_wconf 89' lang='lat' dir='ltr'><strong>sint</strong></span> <span class='ocrx_word' id='word_1_190' title='bbox 382 2092 437 2132; x_wconf 91' lang='lat' dir='ltr'><strong>ab</strong></span> <span class='ocrx_word' id='word_1_191' title='bbox 459 2092 614 2132; x_wconf 89' lang='lat' dir='ltr'><strong>eodem</strong></span> <span class='ocrx_word' id='word_1_192' title='bbox 638 2092 707 2132; x_wconf 91' lang='lat' dir='ltr'><strong>die</strong></span> <span class='ocrx_word' id='word_1_193' title='bbox 739 2091 986 2133; x_wconf 78' lang='lat' dir='ltr'><strong>Comitatus</strong></span> <span class='ocrx_word' id='word_1_194' title='bbox 1016 2104 1091 2143; x_wconf 91' lang='lat' dir='ltr'><strong>per</strong></span> <span class='ocrx_word' id='word_1_195' title='bbox 1120 2104 1174 2136; x_wconf 79' lang='lat' dir='ltr'><strong>se,</strong></span> <span class='ocrx_word' id='word_1_196' title='bbox 1199 2097 1241 2131; x_wconf 92' lang='lat' dir='ltr'><strong>et</strong></span> <span class='ocrx_word' id='word_1_197' title='bbox 1271 2104 1357 2130; x_wconf 94' lang='lat' dir='ltr'><strong>non</strong></span> <span class='ocrx_word' id='word_1_198' title='bbox 1391 2090 1579 2143; x_wconf 86' lang='lat' dir='ltr'><strong>parcella</strong></span> <span class='ocrx_word' id='word_1_199' title='bbox 1607 2091 1711 2131; x_wconf 85' lang='lat' dir='ltr'><strong>dicti</strong></span> <span class='ocrx_word' id='word_1_200' title='bbox 1743 2091 1990 2133; x_wconf 83' lang='lat' dir='ltr'><strong>Comitatus</strong></span> 
     </span>
     <span class='ocr_line' id='line_1_24' title="bbox 266 2164 1988 2219; baseline 0 -13"><span class='ocrx_word' id='word_1_201' title='bbox 266 2166 589 2219; x_wconf 79' lang='lat' dir='ltr'><strong>Notyngham’3</strong></span> <span class='ocrx_word' id='word_1_202' title='bbox 622 2172 664 2206; x_wconf 85' lang='lat' dir='ltr'><strong>et</strong></span> <span class='ocrx_word' id='word_1_203' title='bbox 687 2166 804 2218; x_wconf 84' lang='lat' dir='ltr'><strong>quod</strong></span> <span class='ocrx_word' id='word_1_204' title='bbox 829 2165 982 2204; x_wconf 83' lang='lat' dir='ltr'><strong>eadem</strong></span> <span class='ocrx_word' id='word_1_205' title='bbox 1006 2164 1107 2204; x_wconf 85' lang='lat' dir='ltr'><strong>villa</strong></span> <span class='ocrx_word' id='word_1_206' title='bbox 1132 2164 1433 2217; x_wconf 82' lang='lat' dir='ltr'><strong>Notyngham&#39;</strong></span> <span class='ocrx_word' id='word_1_207' title='bbox 1457 2171 1499 2205; x_wconf 90' lang='lat' dir='ltr'><strong>et</strong></span> <span class='ocrx_word' id='word_1_208' title='bbox 1522 2165 1769 2217; x_wconf 85' lang='lat' dir='ltr'><strong>procinctus</strong></span> <span class='ocrx_word' id='word_1_209' title='bbox 1793 2165 1988 2218; x_wconf 89' lang='lat' dir='ltr'><strong>ejusdem</strong></span> 
     </span>
     <span class='ocr_line' id='line_1_25' title="bbox 264 2239 1990 2293; baseline 0.001 -14"><span class='ocrx_word' id='word_1_210' title='bbox 264 2247 393 2293; x_wconf 90' lang='lat' dir='ltr'><strong>prout</strong></span> <span class='ocrx_word' id='word_1_211' title='bbox 434 2254 479 2280; x_wconf 89' lang='lat' dir='ltr'><strong>se</strong></span> <span class='ocrx_word' id='word_1_212' title='bbox 515 2240 763 2280; x_wconf 79' lang='lat' dir='ltr'><strong>extendunt</strong></span> <span class='ocrx_word' id='word_1_213' title='bbox 800 2239 866 2279; x_wconf 79' lang='lat' dir='ltr'><strong>vel</strong></span> <span class='ocrx_word' id='word_1_214' title='bbox 902 2245 1093 2287; x_wconf 88' lang='lat' dir='ltr'><strong>utuntur,</strong></span> <span class='ocrx_word' id='word_1_215' title='bbox 1129 2239 1326 2291; x_wconf 79' lang='lat' dir='ltr'><strong>exceptis</strong></span> <span class='ocrx_word' id='word_1_216' title='bbox 1367 2239 1702 2292; x_wconf 80' lang='lat' dir='ltr'><strong>prae-exceptiS,</strong></span> <span class='ocrx_word' id='word_1_217' title='bbox 1742 2240 1990 2281; x_wconf 86' lang='lat' dir='ltr'><strong>Comitatus</strong></span> 
     </span>
     <span class='ocr_line' id='line_1_26' title="bbox 264 2313 1989 2367; baseline 0 -12"><span class='ocrx_word' id='word_1_218' title='bbox 264 2315 392 2355; x_wconf 90' lang='lat' dir='ltr'><strong>villae</strong></span> <span class='ocrx_word' id='word_1_219' title='bbox 434 2314 735 2367; x_wconf 80' lang='lat' dir='ltr'><strong>Notyngham’</strong></span> <span class='ocrx_word' id='word_1_220' title='bbox 774 2327 849 2366; x_wconf 89' lang='lat' dir='ltr'><strong>per</strong></span> <span class='ocrx_word' id='word_1_221' title='bbox 885 2328 930 2353; x_wconf 86' lang='lat' dir='ltr'><strong>se</strong></span> <span class='ocrx_word' id='word_1_222' title='bbox 972 2313 1293 2365; x_wconf 86' lang='lat' dir='ltr'><strong>imperpetuum</strong></span> <span class='ocrx_word' id='word_1_223' title='bbox 1332 2320 1646 2366; x_wconf 83' lang='lat' dir='ltr'><strong>nuncupentur,</strong></span> <span class='ocrx_word' id='word_1_224' title='bbox 1682 2320 1912 2355; x_wconf 85' lang='lat' dir='ltr'><strong>teneantur</strong></span> <span class='ocrx_word' id='word_1_225' title='bbox 1946 2321 1989 2355; x_wconf 88' lang='lat' dir='ltr'><strong>et</strong></span> 
     </span>
     <span class='ocr_line' id='line_1_27' title="bbox 265 2388 518 2429; baseline -0.004 -1"><span class='ocrx_word' id='word_1_226' title='bbox 265 2388 518 2429; x_wconf 88' lang='lat' dir='ltr'><strong>habeantur.</strong></span> 
     </span>
    </p>

    <p class='ocr_par' dir='ltr' id='par_1_4' title="bbox 265 2462 1991 3257">
     <span class='ocr_line' id='line_1_28' title="bbox 354 2462 1989 2515; baseline -0.001 -12"><span class='ocrx_word' id='word_1_227' title='bbox 354 2463 411 2503; x_wconf 82' lang='lat' dir='ltr'><strong>Et</strong></span> <span class='ocrx_word' id='word_1_228' title='bbox 443 2463 560 2515; x_wconf 89' lang='lat' dir='ltr'><strong>quod</strong></span> <span class='ocrx_word' id='word_1_229' title='bbox 591 2462 693 2502; x_wconf 87' lang='lat' dir='ltr'><strong>dicti</strong></span> <span class='ocrx_word' id='word_1_230' title='bbox 728 2475 841 2501; x_wconf 91' lang='lat' dir='ltr'><strong>nunc</strong></span> <span class='ocrx_word' id='word_1_231' title='bbox 878 2462 1122 2514; x_wconf 77' lang='lat' dir='ltr'><strong>Burgenses</strong></span> <span class='ocrx_word' id='word_1_232' title='bbox 1157 2462 1352 2514; x_wconf 87' lang='lat' dir='ltr'><strong>ejusdem</strong></span> <span class='ocrx_word' id='word_1_233' title='bbox 1384 2462 1520 2510; x_wconf 87' lang='lat' dir='ltr'><strong>villae,</strong></span> <span class='ocrx_word' id='word_1_234' title='bbox 1543 2468 1586 2502; x_wconf 94' lang='lat' dir='ltr'><strong>et</strong></span> <span class='ocrx_word' id='word_1_235' title='bbox 1615 2476 1884 2502; x_wconf 86' lang='lat' dir='ltr'><strong>successores</strong></span> <span class='ocrx_word' id='word_1_236' title='bbox 1914 2463 1989 2512; x_wconf 89' lang='lat' dir='ltr'><strong>sui,</strong></span> 
     </span>
     <span class='ocr_line' id='line_1_29' title="bbox 267 2535 1990 2590; baseline 0.001 -14"><span class='ocrx_word' id='word_1_237' title='bbox 267 2537 510 2589; x_wconf 81' lang='lat' dir='ltr'><strong>Burgenses</strong></span> <span class='ocrx_word' id='word_1_238' title='bbox 545 2535 671 2576; x_wconf 89' lang='lat' dir='ltr'><strong>villae</strong></span> <span class='ocrx_word' id='word_1_239' title='bbox 705 2536 828 2584; x_wconf 89' lang='lat' dir='ltr'><strong>illius,</strong></span> <span class='ocrx_word' id='word_1_240' title='bbox 867 2536 1200 2589; x_wconf 87' lang='lat' dir='ltr'><strong>imperpetuum,</strong></span> <span class='ocrx_word' id='word_1_241' title='bbox 1235 2537 1330 2576; x_wconf 92' lang='lat' dir='ltr'><strong>loco</strong></span> <span class='ocrx_word' id='word_1_242' title='bbox 1362 2537 1547 2576; x_wconf 86' lang='lat' dir='ltr'><strong>duorum</strong></span> <span class='ocrx_word' id='word_1_243' title='bbox 1583 2536 1847 2577; x_wconf 85' lang='lat' dir='ltr'><strong>Ballivorum</strong></span> <span class='ocrx_word' id='word_1_244' title='bbox 1878 2537 1990 2590; x_wconf 90' lang='lat' dir='ltr'><strong>ejus-</strong></span> 
     </span>
     <span class='ocr_line' id='line_1_30' title="bbox 265 2611 1988 2664; baseline 0.001 -13"><span class='ocrx_word' id='word_1_245' title='bbox 265 2612 366 2651; x_wconf 88' lang='lat' dir='ltr'><strong>dem</strong></span> <span class='ocrx_word' id='word_1_246' title='bbox 400 2611 538 2659; x_wconf 90' lang='lat' dir='ltr'><strong>villae,</strong></span> <span class='ocrx_word' id='word_1_247' title='bbox 570 2611 762 2651; x_wconf 86' lang='lat' dir='ltr'><strong>habeant</strong></span> <span class='ocrx_word' id='word_1_248' title='bbox 796 2611 905 2651; x_wconf 86' lang='lat' dir='ltr'><strong>duos</strong></span> <span class='ocrx_word' id='word_1_249' title='bbox 941 2611 1234 2651; x_wconf 86' lang='lat' dir='ltr'><strong>Vicecomites</strong></span> <span class='ocrx_word' id='word_1_250' title='bbox 1270 2611 1311 2650; x_wconf 92' lang='lat' dir='ltr'><strong>in</strong></span> <span class='ocrx_word' id='word_1_251' title='bbox 1347 2611 1511 2651; x_wconf 88' lang='lat' dir='ltr'><strong>eisdem</strong></span> <span class='ocrx_word' id='word_1_252' title='bbox 1547 2611 1647 2651; x_wconf 78' lang='lat' dir='ltr'><strong>villa</strong></span> <span class='ocrx_word' id='word_1_253' title='bbox 1684 2617 1727 2651; x_wconf 88' lang='lat' dir='ltr'><strong>et</strong></span> <span class='ocrx_word' id='word_1_254' title='bbox 1764 2612 1988 2664; x_wconf 90' lang='lat' dir='ltr'><strong>procinctu</strong></span> 
     </span>
     <span class='ocr_line' id='line_1_31' title="bbox 266 2684 1989 2738; baseline 0.001 -14"><span class='ocrx_word' id='word_1_255' title='bbox 266 2685 320 2725; x_wconf 89' lang='lat' dir='ltr'><strong>de</strong></span> <span class='ocrx_word' id='word_1_256' title='bbox 352 2698 397 2724; x_wconf 91' lang='lat' dir='ltr'><strong>se</strong></span> <span class='ocrx_word' id='word_1_257' title='bbox 428 2685 531 2738; x_wconf 86' lang='lat' dir='ltr'><strong>ipsis</strong></span> <span class='ocrx_word' id='word_1_258' title='bbox 564 2684 799 2737; x_wconf 77' lang='lat' dir='ltr'><strong>eligendos,</strong></span> <span class='ocrx_word' id='word_1_259' title='bbox 823 2698 992 2725; x_wconf 85' lang='lat' dir='ltr'><strong>necnon</strong></span> <span class='ocrx_word' id='word_1_260' title='bbox 1026 2685 1396 2725; x_wconf 88' lang='lat' dir='ltr'><strong>Vicecomitatum</strong></span> <span class='ocrx_word' id='word_1_261' title='bbox 1430 2685 1625 2737; x_wconf 86' lang='lat' dir='ltr'><strong>ejusdem</strong></span> <span class='ocrx_word' id='word_1_262' title='bbox 1658 2685 1795 2729; x_wconf 66' lang='lat' dir='ltr'><strong>villae,</strong></span> <span class='ocrx_word' id='word_1_263' title='bbox 1818 2692 1859 2725; x_wconf 91' lang='lat' dir='ltr'><strong>et</strong></span> <span class='ocrx_word' id='word_1_264' title='bbox 1892 2699 1989 2738; x_wconf 92' lang='lat' dir='ltr'><strong>pro-</strong></span> 
     </span>
     <span class='ocr_line' id='line_1_32' title="bbox 266 2758 1990 2813; baseline 0.001 -15"><span class='ocrx_word' id='word_1_265' title='bbox 266 2758 525 2811; x_wconf 90' lang='lat' dir='ltr'><strong>cinctu[u]m</strong></span> <span class='ocrx_word' id='word_1_266' title='bbox 560 2759 755 2811; x_wconf 86' lang='lat' dir='ltr'><strong>ejusdem</strong></span> <span class='ocrx_word' id='word_1_267' title='bbox 789 2759 916 2799; x_wconf 89' lang='lat' dir='ltr'><strong>villae</strong></span> <span class='ocrx_word' id='word_1_268' title='bbox 950 2765 1078 2812; x_wconf 88' lang='lat' dir='ltr'><strong>prout</strong></span> <span class='ocrx_word' id='word_1_269' title='bbox 1112 2773 1157 2799; x_wconf 88' lang='lat' dir='ltr'><strong>se</strong></span> <span class='ocrx_word' id='word_1_270' title='bbox 1189 2760 1437 2800; x_wconf 81' lang='lat' dir='ltr'><strong>extendunt</strong></span> <span class='ocrx_word' id='word_1_271' title='bbox 1469 2759 1535 2799; x_wconf 87' lang='lat' dir='ltr'><strong>vel</strong></span> <span class='ocrx_word' id='word_1_272' title='bbox 1568 2766 1758 2809; x_wconf 90' lang='lat' dir='ltr'><strong>utuntur,</strong></span> <span class='ocrx_word' id='word_1_273' title='bbox 1792 2761 1990 2813; x_wconf 81' lang='lat' dir='ltr'><strong>exceptis</strong></span> 
     </span>
     <span class='ocr_line' id='line_1_33' title="bbox 266 2833 1991 2887; baseline 0 -13"><span class='ocrx_word' id='word_1_274' title='bbox 266 2833 610 2887; x_wconf 73' lang='lat' dir='ltr'><strong>prae-exceptis,</strong></span> <span class='ocrx_word' id='word_1_275' title='bbox 642 2833 715 2885; x_wconf 83' lang='lat' dir='ltr'><strong>qui</strong></span> <span class='ocrx_word' id='word_1_276' title='bbox 738 2833 914 2885; x_wconf 84' lang='lat' dir='ltr'><strong>quidem</strong></span> <span class='ocrx_word' id='word_1_277' title='bbox 945 2834 1239 2874; x_wconf 85' lang='lat' dir='ltr'><strong>Vicecomites</strong></span> <span class='ocrx_word' id='word_1_278' title='bbox 1270 2834 1310 2872; x_wconf 91' lang='lat' dir='ltr'><strong>in</strong></span> <span class='ocrx_word' id='word_1_279' title='bbox 1335 2833 1475 2873; x_wconf 88' lang='lat' dir='ltr'><strong>forma</strong></span> <span class='ocrx_word' id='word_1_280' title='bbox 1503 2833 1748 2886; x_wconf 88' lang='lat' dir='ltr'><strong>subscripta</strong></span> <span class='ocrx_word' id='word_1_281' title='bbox 1776 2833 1991 2886; x_wconf 82' lang='lat' dir='ltr'><strong>eligentur</strong></span> 
     </span>
     <span class='ocr_line' id='line_1_34' title="bbox 267 2907 1987 2960; baseline 0.001 -12"><span class='ocrx_word' id='word_1_282' title='bbox 267 2914 310 2948; x_wconf 92' lang='lat' dir='ltr'><strong>et</strong></span> <span class='ocrx_word' id='word_1_283' title='bbox 332 2907 617 2960; x_wconf 88' lang='lat' dir='ltr'><strong>perficientur,</strong></span> <span class='ocrx_word' id='word_1_284' title='bbox 640 2907 852 2956; x_wconf 83' lang='lat' dir='ltr'><strong>videlicet,</strong></span> <span class='ocrx_word' id='word_1_285' title='bbox 878 2908 1022 2960; x_wconf 88' lang='lat' dir='ltr'><strong>Major</strong></span> <span class='ocrx_word' id='word_1_286' title='bbox 1045 2915 1087 2948; x_wconf 92' lang='lat' dir='ltr'><strong>et</strong></span> <span class='ocrx_word' id='word_1_287' title='bbox 1118 2908 1363 2960; x_wconf 79' lang='lat' dir='ltr'><strong>Burgenses</strong></span> <span class='ocrx_word' id='word_1_288' title='bbox 1386 2907 1514 2947; x_wconf 85' lang='lat' dir='ltr'><strong>villae</strong></span> <span class='ocrx_word' id='word_1_289' title='bbox 1537 2907 1660 2957; x_wconf 91' lang='lat' dir='ltr'><strong>illius,</strong></span> <span class='ocrx_word' id='word_1_290' title='bbox 1683 2908 1779 2948; x_wconf 92' lang='lat' dir='ltr'><strong>loco</strong></span> <span class='ocrx_word' id='word_1_291' title='bbox 1802 2909 1987 2949; x_wconf 89' lang='lat' dir='ltr'><strong>duorum</strong></span> 
     </span>
     <span class='ocr_line' id='line_1_35' title="bbox 269 2981 1990 3034; baseline 0.001 -13"><span class='ocrx_word' id='word_1_292' title='bbox 269 2981 533 3021; x_wconf 88' lang='lat' dir='ltr'><strong>Ballivorum</strong></span> <span class='ocrx_word' id='word_1_293' title='bbox 563 2981 759 3034; x_wconf 86' lang='lat' dir='ltr'><strong>ejusdem</strong></span> <span class='ocrx_word' id='word_1_294' title='bbox 783 2981 920 3031; x_wconf 87' lang='lat' dir='ltr'><strong>villae,</strong></span> <span class='ocrx_word' id='word_1_295' title='bbox 944 2982 1116 3034; x_wconf 78' lang='lat' dir='ltr'><strong>eligent,</strong></span> <span class='ocrx_word' id='word_1_296' title='bbox 1140 2982 1181 3021; x_wconf 90' lang='lat' dir='ltr'><strong>in</strong></span> <span class='ocrx_word' id='word_1_297' title='bbox 1212 2982 1330 3022; x_wconf 89' lang='lat' dir='ltr'><strong>dicto</strong></span> <span class='ocrx_word' id='word_1_298' title='bbox 1352 2981 1506 3034; x_wconf 87' lang='lat' dir='ltr'><strong>quinto</strong></span> <span class='ocrx_word' id='word_1_299' title='bbox 1535 2982 1707 3022; x_wconf 91' lang='lat' dir='ltr'><strong>decimo</strong></span> <span class='ocrx_word' id='word_1_300' title='bbox 1729 2983 1799 3022; x_wconf 88' lang='lat' dir='ltr'><strong>die</strong></span> <span class='ocrx_word' id='word_1_301' title='bbox 1829 2983 1990 3022; x_wconf 90' lang='lat' dir='ltr'><strong>mensis</strong></span> 
     </span>
     <span class='ocr_line' id='line_1_36' title="bbox 268 3054 1989 3108; baseline 0 -11"><span class='ocrx_word' id='word_1_302' title='bbox 268 3054 540 3108; x_wconf 84' lang='lat' dir='ltr'><strong>Septembris</strong></span> <span class='ocrx_word' id='word_1_303' title='bbox 562 3055 768 3107; x_wconf 78' lang='lat' dir='ltr'><strong>proximo</strong></span> <span class='ocrx_word' id='word_1_304' title='bbox 790 3054 945 3104; x_wconf 87' lang='lat' dir='ltr'><strong>futuro,</strong></span> <span class='ocrx_word' id='word_1_305' title='bbox 969 3056 1024 3096; x_wconf 88' lang='lat' dir='ltr'><strong>de</strong></span> <span class='ocrx_word' id='word_1_306' title='bbox 1045 3069 1091 3096; x_wconf 90' lang='lat' dir='ltr'><strong>se</strong></span> <span class='ocrx_word' id='word_1_307' title='bbox 1114 3055 1217 3108; x_wconf 87' lang='lat' dir='ltr'><strong>ipsis</strong></span> <span class='ocrx_word' id='word_1_308' title='bbox 1240 3056 1349 3096; x_wconf 90' lang='lat' dir='ltr'><strong>duos</strong></span> <span class='ocrx_word' id='word_1_309' title='bbox 1374 3056 1619 3108; x_wconf 81' lang='lat' dir='ltr'><strong>Burgenses</strong></span> <span class='ocrx_word' id='word_1_310' title='bbox 1641 3056 1838 3108; x_wconf 89' lang='lat' dir='ltr'><strong>ejusdem</strong></span> <span class='ocrx_word' id='word_1_311' title='bbox 1862 3057 1989 3097; x_wconf 89' lang='lat' dir='ltr'><strong>villae</strong></span> 
     </span>
     <span class='ocr_line' id='line_1_37' title="bbox 267 3129 1990 3183; baseline 0.002 -15"><span class='ocrx_word' id='word_1_312' title='bbox 267 3130 309 3169; x_wconf 95' lang='lat' dir='ltr'><strong>in</strong></span> <span class='ocrx_word' id='word_1_313' title='bbox 338 3129 632 3170; x_wconf 89' lang='lat' dir='ltr'><strong>Vicecomites</strong></span> <span class='ocrx_word' id='word_1_314' title='bbox 659 3129 787 3168; x_wconf 85' lang='lat' dir='ltr'><strong>villae</strong></span> <span class='ocrx_word' id='word_1_315' title='bbox 818 3129 930 3169; x_wconf 90' lang='lat' dir='ltr'><strong>illius</strong></span> <span class='ocrx_word' id='word_1_316' title='bbox 963 3136 1006 3170; x_wconf 90' lang='lat' dir='ltr'><strong>et</strong></span> <span class='ocrx_word' id='word_1_317' title='bbox 1038 3130 1379 3183; x_wconf 87' lang='lat' dir='ltr'><strong>procinctu[u]m</strong></span> <span class='ocrx_word' id='word_1_318' title='bbox 1413 3130 1609 3182; x_wconf 89' lang='lat' dir='ltr'><strong>ejusdem</strong></span> <span class='ocrx_word' id='word_1_319' title='bbox 1632 3130 1760 3170; x_wconf 89' lang='lat' dir='ltr'><strong>villae</strong></span> <span class='ocrx_word' id='word_1_320' title='bbox 1786 3137 1915 3183; x_wconf 92' lang='lat' dir='ltr'><strong>prout</strong></span> <span class='ocrx_word' id='word_1_321' title='bbox 1944 3144 1990 3170; x_wconf 89' lang='lat' dir='ltr'><strong>se</strong></span> 
     </span>
     <span class='ocr_line' id='line_1_38' title="bbox 268 3202 1988 3257; baseline 0.001 -14"><span class='ocrx_word' id='word_1_322' title='bbox 268 3203 516 3244; x_wconf 83' lang='lat' dir='ltr'><strong>extendunt</strong></span> <span class='ocrx_word' id='word_1_323' title='bbox 557 3202 623 3242; x_wconf 89' lang='lat' dir='ltr'><strong>vel</strong></span> <span class='ocrx_word' id='word_1_324' title='bbox 666 3208 856 3251; x_wconf 85' lang='lat' dir='ltr'><strong>utuntur,</strong></span> <span class='ocrx_word' id='word_1_325' title='bbox 899 3203 1096 3256; x_wconf 81' lang='lat' dir='ltr'><strong>exceptis</strong></span> <span class='ocrx_word' id='word_1_326' title='bbox 1138 3204 1481 3256; x_wconf 79' lang='lat' dir='ltr'><strong>prae-exceptis;</strong></span> <span class='ocrx_word' id='word_1_327' title='bbox 1527 3204 1600 3256; x_wconf 88' lang='lat' dir='ltr'><strong>qui</strong></span> <span class='ocrx_word' id='word_1_328' title='bbox 1642 3205 1819 3257; x_wconf 85' lang='lat' dir='ltr'><strong>quidem</strong></span> <span class='ocrx_word' id='word_1_329' title='bbox 1861 3204 1988 3245; x_wconf 91' lang='lat' dir='ltr'><strong>Vice-</strong></span> 
     </span>
    </p>
   </div>
   <div class='ocr_carea' id='block_1_3' title="bbox 270 3316 1990 3415">
    <p class='ocr_par' dir='ltr' id='par_1_5' title="bbox 270 3316 1990 3415">
     <span class='ocr_line' id='line_1_39' title="bbox 334 3316 1990 3360; baseline 0.002 -13"><span class='ocrx_word' id='word_1_330' title='bbox 334 3321 343 3334; x_wconf 85' lang='lat'>¹</span> <span class='ocrx_word' id='word_1_331' title='bbox 368 3317 454 3348; x_wconf 83' lang='lat' dir='ltr'><strong>That</strong></span> <span class='ocrx_word' id='word_1_332' title='bbox 472 3317 498 3348; x_wconf 91' lang='lat' dir='ltr'><strong>is</strong></span> <span class='ocrx_word' id='word_1_333' title='bbox 518 3316 572 3348; x_wconf 86' lang='lat' dir='ltr'><strong>the</strong></span> <span class='ocrx_word' id='word_1_334' title='bbox 591 3317 722 3357; x_wconf 85' lang='lat' dir='ltr'><strong>County</strong></span> <span class='ocrx_word' id='word_1_335' title='bbox 740 3317 830 3348; x_wconf 83' lang='lat' dir='ltr'><strong>Hall.</strong></span> <span class='ocrx_word' id='word_1_336' title='bbox 880 3318 911 3348; x_wconf 90' lang='lat' dir='ltr'><strong>A</strong></span> <span class='ocrx_word' id='word_1_337' title='bbox 929 3318 1011 3349; x_wconf 84' lang='lat' dir='ltr'><strong>view</strong></span> <span class='ocrx_word' id='word_1_338' title='bbox 1033 3319 1070 3349; x_wconf 86' lang='lat' dir='ltr'><strong>of</strong></span> <span class='ocrx_word' id='word_1_339' title='bbox 1196 3318 1233 3349; x_wconf 92' lang='lat' dir='ltr'><strong>of</strong></span> <span class='ocrx_word' id='word_1_340' title='bbox 1256 3318 1310 3349; x_wconf 87' lang='lat' dir='ltr'><strong>the</strong></span> <span class='ocrx_word' id='word_1_341' title='bbox 1338 3323 1467 3359; x_wconf 84' lang='lat' dir='ltr'><strong>present</strong></span> <span class='ocrx_word' id='word_1_342' title='bbox 1494 3319 1625 3360; x_wconf 87' lang='lat' dir='ltr'><strong>County</strong></span> <span class='ocrx_word' id='word_1_343' title='bbox 1653 3319 1745 3357; x_wconf 86' lang='lat' dir='ltr'><strong>Hall,</strong></span> <span class='ocrx_word' id='word_1_344' title='bbox 1772 3319 1798 3350; x_wconf 88' lang='lat' dir='ltr'><strong>is</strong></span> <span class='ocrx_word' id='word_1_345' title='bbox 1822 3318 1919 3360; x_wconf 85' lang='lat' dir='ltr'><strong>given</strong></span> <span class='ocrx_word' id='word_1_346' title='bbox 1947 3318 1990 3360; x_wconf 91' lang='lat' dir='ltr'><strong>by</strong></span> 
     </span>
     <span class='ocr_line' id='line_1_40' title="bbox 270 3371 1476 3415; baseline 0 -11"><span class='ocrx_word' id='word_1_347' title='bbox 270 3373 324 3404; x_wconf 76' lang='lat' dir='ltr'><strong>the</strong></span> <span class='ocrx_word' id='word_1_348' title='bbox 349 3373 402 3404; x_wconf 85' lang='lat' dir='ltr'><strong>old</strong></span> <span class='ocrx_word' id='word_1_349' title='bbox 432 3371 569 3413; x_wconf 78' lang='lat' dir='ltr'><strong>‘King&#39;s</strong></span> <span class='ocrx_word' id='word_1_350' title='bbox 595 3371 699 3408; x_wconf 81' lang='lat' dir='ltr'>Ha11‚’</span> <span class='ocrx_word' id='word_1_351' title='bbox 717 3373 901 3414; x_wconf 84' lang='lat' dir='ltr'><strong>occupying</strong></span> <span class='ocrx_word' id='word_1_352' title='bbox 925 3372 979 3403; x_wconf 79' lang='lat' dir='ltr'><strong>the</strong></span> <span class='ocrx_word' id='word_1_353' title='bbox 1004 3373 1064 3404; x_wconf 78' lang='lat' dir='ltr'><strong>site</strong></span> <span class='ocrx_word' id='word_1_354' title='bbox 1198 3373 1353 3414; x_wconf 85' lang='lat' dir='ltr'><strong>Deering,</strong></span> <span class='ocrx_word' id='word_1_355' title='bbox 1373 3383 1404 3415; x_wconf 86' lang='lat' dir='ltr'><strong>p.</strong></span> <span class='ocrx_word' id='word_1_356' title='bbox 1430 3381 1476 3404; x_wconf 92' lang='lat'><strong>10.</strong></span> 
     </span>
    </p>
   </div>
  </div>
 </body>
</html>
