2165 3835
267 396 346 434 282
530 406 749 439 RECORDS
782 407 842 438 OF
875 408 975 439 THE
1008 408 1244 440 BOROUGH
1276 407 1337 438 OF
1372 406 1718 438 NOTTINGHAM.
1854 397 1977 450 [1471

354 526 411 566 Et
443 527 574 567 etiam
599 529 759 579 dicunt,
783 531 900 583 quod
934 531 1180 583 praedictus
1211 529 1406 569 Thomas
1439 535 1482 568 ct
1514 528 1584 567 alii
1616 527 1916 568 malefactores
1943 535 1985 569 et

264 600 383 651 pacis
426 601 605 642 Domini
650 604 782 656 Regis
825 604 1158 656 perturbatores
1201 603 1448 656 aggregatis
1490 602 1569 642 sibi
1612 615 1743 654 quam
1791 601 1984 654 pluribus

266 672 617 716 malefactoribus
651 684 692 717 et
722 678 840 730 pacis
871 678 1051 718 Domini
1085 677 1217 730 Regis
1248 675 1632 729 perturbatoribus,
1657 676 1726 715 die
1751 675 1986 715 Dominica

265 752 368 787 tunc
394 749 599 800 proximo
628 758 847 804 sequente,
872 753 984 792 circa
1014 752 1164 791 horam
1189 751 1374 803 primam
1406 757 1505 802 post
1534 750 1759 790 meridiem
1789 749 1984 802 ejusdem

264 821 348 861 diei
373 821 643 874 Dominicae,
667 826 782 878 apud
807 825 1096 878 Notyngham
1127 825 1407 878 praedictam,
1431 837 1546 864 anno
1577 837 1708 876 supra
1729 824 1857 872 dicto,
1880 823 1920 864 vi
1943 830 1985 863 et

264 896 405 944 armis,
438 897 650 948 videlicet,
684 899 851 952 gladiis,
881 900 1110 952 daggariis,
1147 898 1377 948 securibus,
1405 898 1572 951 glez'vz's,
1606 897 1984 946 Normczndz'billes,

264 970 447 1010 arcubus
482 973 626 1022 tensis,
657 980 700 1014 et
729 974 912 1027 sagittas
947 974 989 1013 in
1025 973 1226 1013 manibus
1260 973 1347 1012 suis
1377 971 1623 1021 ferentibus,
1647 972 1688 1011 in
1723 971 1983 1024 Johannem,

263 1043 521 1084 servientem
549 1046 757 1086 willelmi
783 1047 991 1100 Broksop,
1015 1047 1224 1087 insultum
1249 1046 1451 1095 fecerunt,
1477 1045 1537 1099 [et
1569 1045 1730 1098 ipsum]
1760 1046 1984 1086 verberav-

263 1124 399 1167 erunt,
422 1118 767 1170 vulneraverunt,
791 1128 834 1162 et
857 1121 911 1161 ab
929 1122 1082 1161 eadem
1106 1121 1212 1161 liora
1234 1121 1374 1173 prima
1397 1120 1591 1173 ejusdem
1616 1119 1699 1160 diei
1726 1119 1985 1160 Dominicac

263 1205 400 1245 usque
432 1193 583 1234 horam
617 1195 849 1248 septimam
883 1195 1078 1248 ejusdem
1102 1195 1186 1235 diei
1215 1194 1426 1234 malitiam
1454 1207 1576 1234 suam
1607 1193 1982 1242 continuaverunt,

263 1265 502 1307 clamantes
534 1274 576 1308 et
598 1269 791 1309 dicentes
821 1283 897 1322 per
919 1270 1109 1309 diversas
1140 1269 1308 1322 plateas
1338 1268 1533 1321 ejusdem
1564 1267 1690 1308 villae
1713 1282 1762 1308 ac
1785 1268 1916 1308 etiam
1941 1269 1982 1308 in

263 1340 380 1392 regia
417 1341 486 1381 via
522 1355 659 1394 usque
695 1343 854 1383 ostium
899 1343 1081 1396 Majoris
1118 1343 1367 1396 praedictae
1403 1342 1549 1382 villae:
1597 1342 1711 1383 ‘Ubi
1749 1348 1850 1383 sunt
1887 1356 1984 1395 pro-

262 1414 434 1463 ditores,
477 1416 549 1468 qui
593 1416 717 1456 nobis
763 1417 959 1457 resistere
1001 1417 1166 1457 velint?
1227 1417 1300 1457 Ad
1344 1430 1548 1470 praesens
1590 1416 1777 1466 veniant,
1820 1423 1863 1457 et
1905 1429 1984 1457 nos

262 1488 511 1529 occidemus
534 1503 607 1530 eos
625 1490 648 1529 !'

350 1563 407 1604 Et
430 1565 484 1604 ad
507 1570 610 1604 tunc
633 1571 676 1605 et
699 1565 859 1605 ibidem
887 1565 1103 1606 Robertus
1134 1565 1366 1618 Hampson
1392 1565 1432 1604 in
1457 1564 1676 1604 Thomam
1702 1563 1983 1614 Schomakcr,

261 1637 520 1678 servientem
558 1638 757 1679 Thomae
796 1639 1027 1688 Staunton,
1058 1639 1266 1680 insultum
1302 1638 1411 1687 fecit,
1443 1646 1485 1679 et
1520 1639 1573 1679 ad
1607 1645 1709 1679 tunc
1744 1644 1786 1678 et
1821 1638 1981 1678 ibidem

262 1710 404 1763 ipsum
428 1711 648 1752 Thomam
673 1711 854 1753 felonice
878 1713 1101 1754 interfecit.

349 1785 407 1825 Et
444 1786 560 1838 quod
600 1787 819 1827 Robertus
858 1788 1000 1836 Dand,
1039 1789 1092 1828 de
1131 1788 1432 1841 Notyngham‚
1470 1788 1642 1836 laborer,
1677 1788 1719 1826 in
1759 1787 1982 1828 Comitatu

261 1858 388 1898 villae
417 1859 714 1913 Noffingham’,
737 1861 807 1901 die
836 1868 878 1901 et
911 1875 1026 1901 anno
1056 1876 1185 1915 supra
1217 1862 1354 1911 dictis,
1379 1862 1419 1901 in
1456 1862 1727 1914 praedictum
1763 1861 1982 1902 Thomam

261 1932 469 1974 insultum
494 1933 604 1983 fecit,
629 1942 671 1975 et
694 1936 836 1988 ipsum
860 1936 914 1975 ad
938 1942 1041 1976 tunc
1064 1943 1106 1976 et
1130 1937 1290 1976 ibidem
1316 1936 1499 1976 felonice
1522 1935 1744 1976 interfecit.

350 2008 408 2048 Et
430 2010 547 2061 quod
577 2010 824 2062 praedictus
854 2010 1050 2050 Thomas
1073 2010 1240 2063 Whyte
1268 2017 1310 2051 et
1334 2010 1403 2050 alii
1435 2010 1706 2063 praedictum
1739 2010 1981 2050 Robertum

264 2081 496 2135 Hampson
535 2090 577 2124 et
614 2083 857 2136 praefatum
899 2085 1140 2124 Robertum
1181 2085 1323 2133 Dand,
1362 2084 1441 2132 die,
1481 2097 1596 2123 anno
1638 2091 1679 2123 et
1722 2084 1817 2123 loco
1854 2097 1983 2136 supra

260 2155 397 2205 dictis,
422 2156 603 2197 felonice
627 2165 967 2210 receptaverunt,
992 2159 1314 2198 auxiliaverunt
1343 2165 1385 2198 et
1409 2157 1773 2206 confortaverunt,
1797 2158 1982 2198 scientes

261 2229 376 2282 ipsos
417 2230 659 2272 Robertum
698 2239 740 2272 et
780 2233 1022 2272 Robertum
1061 2232 1266 2272 seloniam
1310 2232 1577 2284 praedictam
1616 2231 1767 2271 fecisse
1803 2238 1845 2271 et
1887 2245 1981 2284 per-

260 2310 473 2356 petrasse;
506 2312 549 2346 et
581 2306 635 2346 ad
669 2312 772 2346 tunc
804 2313 846 2346 et
877 2306 1037 2346 ibidem
1069 2307 1123 2346 ad
1154 2306 1382 2359 Majorem,
1406 2305 1710 2353 Vicecomites,
1734 2318 1904 2345 necnon
1927 2306 1982 2346 ad

259 2377 450 2418 diversas
473 2380 579 2419 alias
602 2393 820 2432 personas,
845 2380 1061 2422 Custodes
1094 2381 1216 2420 Pacis
1241 2381 1421 2420 Domini
1454 2380 1587 2432 Regis
1617 2379 1812 2432 ejusdem
1842 2379 1980 2428 villae,

260 2451 301 2490 in
337 2451 480 2492 officio
514 2467 592 2493 suo
621 2453 830 2503 faciendo,
855 2455 926 2507 qui
958 2455 1169 2495 malitiam
1205 2468 1328 2494 suam
1360 2453 1597 2494 voluissent
1626 2467 1803 2502 cessare,
1831 2454 1982 2506 sagitt-

260 2533 451 2575 averunt,
475 2533 517 2568 et
541 2541 673 2581 quam
701 2527 844 2580 plures
875 2542 1082 2581 personas
1114 2528 1241 2568 villae
1270 2528 1519 2580 praedictae
1550 2541 1626 2580 per
1654 2527 1981 2580 sagittationem

259 2614 382 2640 suam
406 2601 753 2650 vulneraverunt,
778 2603 838 2642 ita
864 2604 981 2655 quod
1012 2603 1066 2642 de
1088 2603 1177 2643 vita
1204 2616 1281 2642 sua
1307 2602 1648 2654 desperabatur,1
1673 2608 1715 2641 et
1745 2600 1828 2641 alia
1849 2614 1981 2654 quam

259 2674 383 2727 plura
417 2675 630 2715 maleficia
663 2677 717 2716 ad
748 2683 851 2716 tunc
881 2683 923 2717 et
958 2677 1118 2716 ibidem
1148 2682 1517 2729 perpetraverunt,
1542 2675 1583 2714 in
1613 2675 1854 2727 maximam
1887 2689 1981 2727 per-

259 2748 552 2789 turbationem
587 2749 778 2802 Majoris,
801 2750 1135 2799 Vicecomitum,
1163 2757 1205 2790 et
1237 2750 1371 2790 totius
1408 2749 1748 2791 Communitatis
1783 2749 1978 2802 ejusdem

259 2822 387 2862 villae
419 2823 808 2876 inhabitant[ium],
833 2830 875 2864 et
910 2824 1089 2864 Domini
1122 2824 1255 2876 Regis
1286 2829 1588 2875 contemptum
1620 2822 1910 2872 manifestum,
1939 2830 1981 2864 et

260 2903 410 2936 contra
433 2909 586 2949 pacem
609 2910 744 2945 suam,
768 2910 936 2937 necnon
960 2904 1111 2938 contra
1134 2896 1319 2938 formam
1345 2897 1509 2938 Statuti
1540 2897 1581 2936 in
1605 2896 1855 2949 hujusmodi
1878 2911 1980 2938 casu

261 2968 372 3010 facti.

348 3044 427 3083 Per
449 3044 567 3096 quod
600 3051 880 3097 praeceptum
904 3044 984 3085 fuit
1013 3045 1356 3085 Vicecomitibus
1386 3044 1513 3084 villae
1543 3043 1839 3097 Notingham',
1862 3045 1980 3098 quod

259 3117 405 3156 venire
427 3116 588 3157 faciant
610 3131 659 3157 ac
682 3119 857 3171 capiant
880 3119 1151 3171 praedictum
1176 3119 1397 3158 Thomam
1421 3118 1539 3170 quod
1566 3118 1621 3158 sit
1643 3132 1788 3158 coram
1810 3118 1979 3171 Justiti-

260 3191 358 3230 ariis
382 3191 562 3231 Domini
588 3191 720 3244 Regis
743 3193 798 3231 de
822 3193 932 3232 Pace
959 3206 1128 3232 necnon
1152 3192 1206 3232 ad
1229 3192 1400 3231 diversa
1422 3190 1590 3239 felonia,
1614 3192 1980 3244 transgressiones

261 3272 303 3305 et
345 3265 428 3304 alia
469 3264 681 3305 maleficia
723 3265 833 3305 infra
875 3267 1145 3308 Comitatum
1188 3265 1315 3305 villae
1358 3265 1642 3317 Notingham’
1681 3266 1898 3306 audienda
1937 3272 1980 3306 et

785 3358 792 3371 ¹
817 3355 1072 3395 desperabatur]
1095 3357 1102 3370 ‘
1115 3353 1363 3396 d2·sperebatur‚’
1381 3355 1415 3385 M
1421 3356 1452 3385 5.
