2165 3835
266 415 321 454 94
531 412 749 444 RECORDS
782 412 842 443 OF
875 412 975 442 THE
1010 411 1245 443 ROROUGH
1278 411 1338 442 OF
1373 410 1720 442 NOTTINGHAM.
1858 401 1988 454 [1414

268 534 450 575 fideliter
483 534 609 576 fuerit
651 542 928 588 prosecutum
966 540 1008 574 et
1046 533 1364 586 perimpletum,
1404 533 1514 573 facio
1551 539 1593 573 et
1630 532 1849 572 constituo
1886 546 1987 572 exe-

266 615 435 649 cutores
459 623 579 649 meos
601 610 870 662 praedictam
893 608 1083 648 Aliciam
1113 621 1298 648 uxorem
1329 621 1484 656 meam,
1511 607 1685 647 Petrum
1717 605 1911 659 Salteby,
1934 606 1989 646 de

270 683 464 732 Lincoln,
500 683 735 723 Ricardum
771 683 1001 731 Tar-emer,
1031 683 1086 722 de
1116 681 1426 735 Notyngham;
1462 687 1504 721 et
1537 681 1830 734 supervisores
1864 679 1988 720 Will-

266 757 428 796 elmum
454 756 730 810 Babyngton,
756 756 997 796 Robertum
1024 756 1160 796 Dawe
1185 756 1417 796 Rectorem
1445 755 1666 795 Ecclesiae
1689 755 1743 794 de
1767 753 1956 807 Clyfton.

355 831 404 870 In
433 829 554 883 cujus
585 830 642 870 rei
673 829 970 870 testimonium
996 829 1075 882 [et]
1099 829 1294 869 omnium
1325 830 1662 882 praemissorum
1688 828 1989 881 praesentibus

266 904 454 956 sigillum
509 918 653 944 meum
707 903 899 956 apposui.
985 903 1082 942 Hiis
1125 903 1327 943 testibus:
1382 903 1577 943 Roberto
1620 902 1771 951 Glade,
1820 902 1990 955 Majore

268 977 636 1030 Notynghamiae,
673 977 875 1031 Johanne
919 976 1064 1017 Irland
1109 983 1150 1016 et
1191 976 1394 1029 Johanne
1434 976 1622 1029 Jolyvet‚
1664 982 1767 1016 tunc
1812 976 1989 1016 Ballivis

267 1052 461 1105 ejusdem
492 1051 628 1099 villae,
651 1051 852 1104 Johanne
884 1052 1060 1099 Samon,
1083 1050 1286 1103 Johanne
1317 1050 1551 1103 Plumptre,
1574 1049 1777 1102 Johanne
1800 1049 1989 1098 Alastre,

267 1133 309 1166 et
332 1126 479 1166 multis
502 1125 603 1165 aliis.
668 1126 834 1165 Datum
858 1125 974 1178 apud
1006 1124 1307 1177 Notyngham‚
1331 1125 1400 1165 die
1430 1131 1473 1165 et
1502 1137 1618 1164 anno
1649 1124 1828 1164 Domini
1860 1137 1991 1176 supra

266 1200 403 1248 dictis,
427 1206 469 1239 et
492 1199 610 1251 regni
638 1199 769 1251 Regis
796 1199 974 1239 Henrici
999 1198 1151 1252 Quinti
1176 1205 1275 1251 post
1299 1199 1628 1251 Conquaestum
1653 1198 1815 1251 primo.'

1697 1283 1812 1322 1320,
1837 1286 1891 1311 ro.
1919 1272 1983 1311 2d.

632 1404 1151 1445 XXXVIII.—Clmrter
1169 1404 1223 1455 of
1245 1403 1372 1455 Kilzgr
1392 1403 1542 1455 Hemjr
1576 1403 1618 1443 I<

962 1506 1077 1544 1414,
1102 1495 1210 1547 May
1235 1505 1296 1544 24.

354 1586 652 1629 1HENRICUS,
686 1584 767 1624 Dei
803 1584 954 1636 gratia,
990 1585 1087 1623 Rex
1122 1584 1314 1636 Angliae
1352 1591 1393 1624 et
1432 1584 1651 1631 Franciae,
1690 1590 1732 1624 et
1772 1584 1990 1624 Dominus

269 1659 517 1705 Hiberniae,
561 1658 906 1711 archiepiscopis,
956 1658 1182 1710 episcopis
1233 1658 1477 1703 abbatibus,
1527 1657 1752 1710 prioribus,
1795 1657 1989 1706 ducibus,

265 1733 508 1782 comitibus,
539 1732 784 1781 baronibus,
812 1731 1065 1784 justitiariis,
1097 1732 1435 1781 vicecomitibus,
1466 1731 1737 1784 praepositis
1771 1731 1989 1781 ministris,

266 1814 307 1848 et
339 1807 542 1847 omnibus
574 1807 743 1847 ballivis
776 1812 817 1846 et
851 1805 1049 1846 fidelibus
1086 1806 1184 1855 suis,
1222 1806 1440 1846 salutem.2
1504 1805 1786 1858 Inspeximus
1824 1812 1988 1846 cartam

266 1882 445 1922 Domini
497 1881 686 1929 Hem-ici,
731 1894 869 1933 nuper
922 1880 1056 1932 Regis
1106 1879 1308 1932 Angliae,
1353 1880 1488 1933 patris
1535 1880 1682 1929 nostri,
1739 1879 1900 1920 factam
1947 1880 1988 1920 in

264 1955 370 1995 haec
403 1955 553 1996 rerba:
598 1955 851 2002 ‘Henricus,
891 1955 973 1994 Dei
1011 1955 1174 2006 gratia'
1213 1954 1309 2007 [ela.
1349 1955 1529 2007 rccjsl'llg
1566 1954 1748 1996 Cllarser
1781 1955 1835 2005 of
1866 1954 1995 2007 King

265 2030 416 2082 Hemy
437 2030 530 2075 ll'..
554 2030 632 2069 Α’θ.
658 2029 702 2073 l..
717 2036 757 2081 p.
785 2040 806 2067 2
830 2029 884 2079 (gf
906 2028 991 2067 fleis
1013 2028 1204 2081 volume]

352 2104 445 2143 Nos
487 2110 644 2149 autem,
682 2116 834 2142 omnes
876 2108 918 2141 et
960 2102 1152 2153 singulas
1195 2102 1508 2147 concessiones,
1551 2100 1904 2142 confirmationes
1947 2108 1990 2142 et

264 2178 559 2218 restitutiones
592 2177 835 2230 praedictas
869 2182 984 2216 ratas
1022 2176 1233 2216 habentes
1270 2183 1312 2216 et
1350 2182 1507 2229 grataS,
1543 2190 1625 2225 eaS,
1659 2189 1737 2229 pro
1779 2175 1904 2216 nobis
1947 2182 1989 2216 et

264 2251 493 2291 heredibus
532 2251 699 2298 nostris,
737 2257 951 2303 quantum
990 2250 1031 2288 in
1075 2250 1200 2290 nobis
1237 2256 1312 2299 est,
1351 2257 1642 2303 acceptamuS‚
1681 2250 1988 2303 approbamus,

264 2324 538 2373 ratificamus,
577 2338 626 2364 ac
663 2324 831 2364 dilectis
869 2323 993 2363 nobis
1031 2337 1144 2363 nunc
1184 2324 1353 2377 Majori,
1393 2324 1569 2364 Ballivis
1610 2330 1653 2364 et
1692 2324 1988 2378 Burgensibus

264 2399 390 2440 villae
419 2399 678 2452 praedictae,
709 2398 940 2438 heredibus
972 2404 1015 2438 et
1047 2398 1368 2438 successoribus
1397 2398 1495 2447 suis,
1519 2404 1669 2438 tenore
1692 2398 1987 2451 praesentium

264 2474 543 2513 concedimus
591 2479 634 2513 et
676 2471 996 2519 confirmamus,
1038 2471 1149 2512 sicut
1197 2478 1343 2512 cartae
1383 2472 1633 2525 praedictae
1674 2472 1990 2513 rationabiliter

264 2553 489 2595 testantur,
513 2553 556 2587 et
578 2552 706 2599 prout
729 2546 859 2586 iidem
884 2545 1038 2598 Major,
1064 2545 1217 2586 Ballivi
1242 2552 1284 2586 et
1315 2546 1560 2599 Burgenses
1583 2546 1710 2586 villae
1739 2547 1989 2599 praedictae

264 2621 536 2661 libertatibus
578 2627 621 2660 et
657 2620 909 2672 quietantiis
944 2619 1177 2672 praedictis
1213 2620 1275 2659 uti
1310 2625 1352 2660 et
1386 2620 1578 2672 gaudere
1611 2620 1784 2668 debent,
1820 2620 1989 2673 ipsique

264 2701 307 2735 et
336 2701 630 2735 antecessores
654 2694 728 2742 sui,
754 2693 956 2746 Majores,
981 2693 1134 2733 Ballivi
1158 2699 1200 2734 et
1225 2694 1470 2746 Burgenses
1494 2694 1690 2746 ejusdem
1713 2693 1841 2738 villae
1863 2693 1988 2733 liber-

264 2768 426 2808 tatibus
459 2775 501 2808 et
534 2767 784 2820 quietantiis
815 2767 896 2806 illis
930 2781 954 2806 a
982 2773 1180 2819 tempore
1209 2767 1494 2807 confectionis
1525 2774 1741 2808 cartarum
1772 2768 1987 2820 praedict-

265 2855 385 2881 arum
410 2841 724 2881 rationabiliter
746 2840 807 2880 uti
831 2847 873 2879 et
896 2841 1087 2892 gaudere
1105 2848 1433 2881 consueverunt.

353 2915 403 2954 In
426 2914 547 2967 cujus
571 2914 628 2954 rei
651 2914 949 2954 testimonium
974 2913 1052 2953 has
1075 2914 1239 2954 litteras
1258 2921 1428 2955 nostras
1447 2914 1535 2955 fieri
1554 2915 1735 2955 fecimus
1754 2915 1989 2969 patentes.3

265 2989 398 3028 Teste
429 3001 499 3027 me
531 2988 625 3040 ipso
658 2987 773 3040 apud
809 2987 1041 3039 Leycestr'‚
1063 2988 1272 3029 vicesimo
1294 2995 1451 3041 quarto
1480 2989 1549 3029 die
1584 2989 1702 3037 Maii,
1726 3002 1842 3030 anno
1865 2990 1985 3042 regni

265 3062 399 3103 nostri
422 3062 624 3102 secundo.

1034 3135 1116 3174 Pro
1138 3135 1289 3175 decem
1314 3134 1431 3175 libris
1455 3134 1607 3175 solutis
1630 3135 1672 3174 in
1699 3135 1988 3189 Hanaperio.4

330 3253 338 3266 ¹
364 3249 446 3281 This
463 3249 489 3280 is
506 3249 605 3280 taken
623 3249 705 3280 froin
729 3248 785 3280 the
809 3248 991 3279 enrolment
1016 3259 1058 3279 on
1190 3249 1422 3290 confirmatory
1440 3249 1577 3280 Charter
1594 3249 1631 3280 of
1651 3249 1743 3290 King
1761 3250 1877 3291 Henry
1893 3250 1953 3281 VI.

265 3305 319 3337 the
345 3306 461 3336 Patent
484 3305 571 3342 Roll,
592 3313 610 3335 2
629 3305 717 3335 Hen.
741 3305 778 3335 V.
800 3315 873 3345 pars
894 3313 919 3342 1,
940 3315 982 3335 m.
1004 3313 1055 3342 24,
1255 3306 1267 3319 ²
1290 3302 1362 3334 The
1388 3303 1506 3333 Patent
1531 3303 1607 3333 Roll
1631 3303 1744 3335 reads:
1773 3304 1865 3335 ‘Rex
1882 3304 1985 3335 omni-

265 3359 328 3391 and
346 3359 428 3389 srom
446 3359 501 3389 the
520 3358 630 3389 recital
653 3358 688 3388 of
709 3358 772 3389 this
795 3358 922 3390 charter
946 3358 978 3389 in
1004 3358 1059 3389 the
1191 3358 1261 3395 bus,
1278 3357 1318 3388 ad
1335 3367 1427 3398 quos,
1447 3362 1524 3394 etc.,
1540 3357 1677 3388 salutem
1690 3355 1697 3368 '
1715 3356 1762 3394 (z
1776 3356 1832 3388 the
1845 3357 1936 3398 King
1953 3362 1986 3388 to
