2165 3835
334 410 415 460 336
598 416 816 448 RECORDS
848 416 908 447 or
941 415 1041 446 THE
1074 412 1308 446 BOROUGH
1342 411 1402 443 oF
1437 409 1783 442 NOTTINGHAM.
1919 399 2048 454 [1483

418 548 430 567 1
443 539 500 580 Et
519 553 600 592 ego
617 538 841 592 Johannes
860 539 1045 591 Mayew,
1061 537 1238 577 clericus
1260 533 1576 575 Lineolniensis
1596 531 1829 579 DioecesiS,
1851 530 2052 571 Publicus

332 613 663 654 auctoritatibus
695 612 956 666 Apostolica
987 617 1030 652 et
1064 610 1282 663 Imperiali
1320 607 1537 655 Notarius
1571 606 1818 659 praemissis
1850 604 2053 645 omnibus

332 695 374 728 et
411 687 591 740 singulis
628 688 733 728 dum
771 687 841 735 sic,
876 693 923 727 ut
960 685 1262 739 praemittitur,
1297 683 1376 723 sub
1414 694 1529 721 anno
1568 679 1759 727 Domini,
1797 679 2052 726 Indictione‚

332 761 600 815 pontificatu,
625 774 783 810 mense,
813 761 883 801 die
912 766 955 800 et
984 760 1079 799 loco
1109 772 1238 811 supra
1267 757 1403 805 dictis,
1428 755 1670 808 agebantur
1699 760 1741 794 et
1771 753 1943 801 fiebant,
1968 766 2054 793 una

332 849 430 876 cum
473 835 814 889 praenominatis
865 834 1060 883 testibus,
1102 845 1306 886 praesens
1358 829 1642 884 personaliter
1691 827 1875 876 interfui,
1917 839 2054 879 eaque

332 910 479 951 omnia
509 918 550 951 et
580 910 750 963 singula
778 909 838 950 sic
868 908 968 958 fieri,
991 908 1077 948 vidi
1108 913 1150 947 et
1179 906 1334 953 audivi,
1364 904 1524 957 scripsi,
1552 902 1767 956 publicavi
1798 908 1840 942 et
1870 901 1912 941 in
1942 900 2054 941 hanc

333 984 552 1037 publicam
576 983 760 1024 formam
790 982 947 1035 redegi,
971 982 1183 1034 signoque
1206 987 1247 1020 et
1271 979 1447 1019 nomine
1477 978 1583 1018 meis
1613 976 1750 1017 solitis
1773 983 1815 1016 et
1838 975 2055 1015 consuetis

333 1059 511 1112 signavi,
555 1071 710 1111 meque
751 1058 819 1097 hic
861 1056 1105 1108 subscripsi,
1148 1060 1326 1106 rogatus
1377 1060 1419 1093 et
1470 1051 1711 1104 requisitus,
1756 1051 1795 1089 in
1840 1049 1969 1090 fidem
2013 1055 2055 1089 et

333 1133 631 1173 testimonium
656 1132 850 1172 omnium
876 1130 1245 1184 praemis-somme
1931 1132 2053 1175 4530.

477 1362 852 1406 CXLL—Actimz
874 1362 1050 1414 against
1070 1360 1135 1400 [lle
1157 1359 1292 1399 Prior
1311 1359 1364 1410 Of
1385 1358 1546 1397 Lentem
1558 1357 1640 1408 for*
1660 1362 1753 1396 rent
1772 1356 1826 1407 of
1848 1355 1913 1396 ΝΜ

794 1436 936 1477 Tz'tlles
957 1437 1010 1488 of
1032 1435 1098 1476 [lle
1125 1433 1282 1487 Chapel
1299 1433 1342 1473 in
1366 1432 1431 1472 tlce
1457 1431 1603 1474 Casllc.

966 1528 1082 1577 1483,
1108 1524 1353 1566 December
1382 1535 1437 1564 lo.

421 1619 668 1672 3Johannes
692 1618 877 1665 Alestre,
903 1618 1061 1659 Custos
1091 1615 1274 1656 Liberae
1299 1614 1529 1667 Capellae4
1554 1614 1694 1655 Castri
1720 1612 1898 1653 Domini
1924 1612 2058 1665 Regis

337 1693 633 1745 Notingham',
657 1692 849 1745 queritur
871 1691 925 1732 de
957 1690 1157 1739 Ricardo,
1184 1689 1327 1729 Priore
1349 1688 1403 1728 de
1435 1688 1619 1735 Lenton,
1643 1688 1697 1727 de
1726 1687 1888 1740 placito
1910 1686 2056 1736 debiti,

335 1769 452 1821 quod
486 1767 640 1808 reddat
673 1767 709 1807 ei
744 1766 822 1819 xjs.
848 1764 974 1818 viijd.,
999 1778 1107 1817 quos
1137 1765 1174 1803 ei
1198 1763 1328 1804 debet
1359 1769 1401 1803 et
1431 1762 1589 1814 injuste
1612 1762 1787 1802 detinet.
1853 1761 1910 1802 Et
1943 1761 2059 1802 unde

336 1843 450 1882 idem
494 1855 677 1895 querens
720 1841 761 1880 in
805 1840 978 1893 propria
1027 1852 1212 1892 persona
1255 1851 1332 1877 sua
1373 1836 1575 1889 queritur,
1617 1836 1734 1888 quod
1777 1849 1875 1875 curn
1917 1835 2058 1876 dictus

337 1929 530 1969 querens,
556 1924 641 1955 xx0
674 1915 742 1954 die
773 1914 987 1959 Octobris,
1019 1927 1134 1952 anno
1170 1912 1287 1964 regni
1328 1912 1459 1963 Regis
1497 1911 1699 1949 Edwardi
1732 1910 1886 1963 Quarti
1923 1909 2058 1963 xxj0,5

338 1991 404 2031 hic
429 1991 543 2042 apud
576 1989 861 2041 Notingham,
886 1988 995 2027 infra
1015 1988 1360 2039 jurisdictionem
1391 1986 1518 2037 liujus
1544 1986 1709 2032 Curiae,
1733 1985 1911 2025 tradidit
1934 1992 1976 2025 et
2000 1986 2053 2025 ad

339 2065 506 2106 firmam
543 2065 707 2105 dimisit
745 2063 941 2116 praefato
982 2063 1140 2102 l’riori0
1183 2070 1350 2114 partem
1387 2074 1508 2100 suam
1545 2060 1814 2108 decimalem,
1848 2060 2058 2108 videlicet,

339 2141 620 2180 medietatem
654 2139 849 2178 decimae
882 2150 1116 2189 granorum
1151 2136 1501 2176 molendinorum
1537 2135 1678 2176 Castri
1714 2135 1893 2174 Domini
1925 2135 2058 2187 Regis

335 2215 465 2266 juxta
499 2214 644 2253 villam
682 2212 949 2265 praedictam
986 2212 1039 2250 de
1078 2211 1363 2263 Notingham,
1402 2210 1650 2250 habendam
1689 2208 1885 2261 praefato
1925 2209 2058 2248 Priori

339 2296 381 2328 et
410 2289 641 2341 assignatis
671 2288 757 2327 suis
787 2285 1028 2339 praefatam
1061 2286 1341 2326 medietatem
1372 2298 1605 2338 granorum
1637 2285 1957 2336 praedictorum
1986 2297 2060 2336 per

339 2376 473 2402 unum
498 2375 660 2402 annum
684 2363 913 2413 integrum,
938 2366 980 2400 et
1003 2360 1061 2399 sic
1084 2361 1138 2399 de
1168 2373 1284 2399 anno
1307 2360 1347 2398 in
1379 2372 1541 2399 annum
1566 2359 1620 2398 ad
1644 2358 1914 2398 voluntatem
1938 2371 2060 2410 prae-

339 2437 442 2478 dicti
485 2437 714 2489 querentis,
758 2434 967 2474 solvendo
1010 2434 1151 2473 eidem
1195 2434 1390 2486 querenti
1434 2433 1545 2485 xiijs.
1574 2433 1675 2484 iiijd.
1719 2433 1903 2472 durante
1945 2445 2060 2472 anno

340 2511 562 2563 praedicto
586 2517 627 2550 et
650 2522 887 2562 quousque,
911 2515 1004 2555 etc.;
1039 2520 1170 2560 quam
1195 2507 1370 2560 quidem
1395 2520 1613 2547 summam
1638 2507 1779 2559 xxvjs.
1800 2506 1914 2559 viijd.
1939 2519 2060 2559 prae-

340 2585 480 2626 dictus
532 2584 771 2624 defendens
822 2582 1031 2623 satisfecit
1083 2582 1223 2622 eidem
1271 2582 1468 2634 querenti
1520 2593 1656 2633 usque
1708 2580 1762 2620 ad
1815 2579 2060 2632 praedictos

341 2660 419 2712 xjs.
444 2659 571 2711 viijd.,
595 2671 706 2710 quae
729 2657 905 2710 quidem
936 2669 1109 2696 summa
1139 2656 1218 2708 xjs.
1243 2655 1357 2708 viijd.
1383 2668 1407 2695 a
1429 2661 1543 2695 retro
1572 2661 1657 2702 est;
1690 2660 1743 2703 et,
1767 2654 1866 2695 licet
1888 2654 2060 2707 saepius

340 2734 587 2786 praedictus
620 2731 858 2772 defendens
892 2730 1122 2783 requisitus
1156 2729 1320 2783 fu[er]it
1353 2743 1377 2769 a
1409 2729 1632 2782 praedicto
1665 2729 1861 2781 querenti
1894 2728 2060 2769 solvere

340 2807 586 2860 praedictos
622 2806 700 2858 xjs.
726 2805 839 2857 viijd.
876 2805 1100 2857 praedicto
1134 2804 1341 2856 querenti,
1377 2803 1572 2843 nondum
1616 2803 1754 2850 solvit,
1790 2808 1853 2842 set
1896 2802 2062 2842 solvere

406 2945 413 2958 ¹
441 2941 530 2972 Here
542 2941 567 2971 is
578 2940 690 2971 drawn
702 2940 789 2981 John
803 2938 958 2980 Mayew's
972 2939 1136 2970 elaborate

341 2995 490 3026 Notarial
518 2995 609 3035 Sign,
638 2994 743 3025 which
775 2993 912 3024 consists
944 2993 981 3024 of
1006 3004 1025 3024 a
1052 2993 1135 3024 sour-

340 3050 451 3080 armed
474 3059 563 3080 cross
587 3050 734 3080 between
759 3049 814 3079 the
839 3048 959 3078 initials
991 3048 1038 3078 Ἰ.
1060 3047 1136 3084 M.,’

341 3104 394 3135 the
411 3113 498 3135 cross
514 3103 613 3144 being
635 3102 790 3133 mounted
815 3112 858 3132 on
881 3112 900 3132 a
923 3101 1063 3142 calvary,
1083 3100 1137 3132 the

340 3159 468 3188 bottom
506 3162 577 3198 step
616 3156 761 3187 whereof
796 3156 821 3186 is
860 3155 1022 3187 inscribed
1060 3154 1137 3185 with

344 3212 351 3226 ‘
365 3211 484 3242 Honor
508 3209 606 3242 Deo.’

406 3268 417 3281 ²
440 3265 548 3296 There
565 3265 591 3295 is
607 3265 676 3296 also
693 3264 865 3306 preserved
882 3275 901 3295 a
916 3274 1001 3305 copy
1017 3263 1055 3294 of
1074 3263 1138 3294 this

342 3320 534 3350 instrument
558 3320 686 3350 written
710 3329 752 3349 on
776 3329 876 3360 paper
900 3319 932 3349 in
957 3317 1012 3349 the
1035 3318 1136 3348 hand-

344 3375 471 3415 writing
488 3375 524 3405 of
537 3375 682 3405 william
701 3374 911 3415 Easingwold
930 3374 1008 3411 (No.
1025 3375 1133 3414 4531).

1333 2941 1344 2959 3
1367 2937 1474 2970 There
1506 2937 1532 2968 is
1559 2948 1577 2968 a
1609 2937 1730 2968 similar
1763 2937 1872 2970 action
1902 2937 1946 2978 by
1974 2937 2061 2978 John

1268 2993 1408 3030 Alestre‚
1430 2992 1531 3029 clerk,
1559 2992 1685 3033 against
1710 2991 1764 3023 the
1788 2992 1892 3023 above
1918 2991 2061 3022 Richard

1268 3047 1316 3077 for
1337 3046 1399 3078 165.
1421 3045 1474 3077 8d.
1495 3046 1543 3077 for
1559 3046 1615 3076 the
1636 3051 1706 3077 rent
1723 3045 1761 3077 of
1779 3045 1833 3077 the
1856 3045 1937 3077 tithe
1959 3046 2060 3087 speci-

1269 3100 1332 3132 fied
1355 3100 1472 3138 above,
1497 3100 1631 3130 entered
1659 3099 1786 3140 1482-3,
1816 3100 1982 3141 February
2006 3108 2062 3139 195

1273 3162 1362 3195 1371,
1379 3164 1410 3195 p.
1428 3160 1496 3194 115.
1530 3154 1570 3184 In
1587 3154 1650 3184 this
1667 3164 1751 3192 case,
1766 3154 1798 3185 in
1816 3154 1922 3185 which
1933 3154 2062 3185 Alestre

1269 3209 1324 3240 did
1353 3214 1410 3240 not
1435 3214 1617 3250 prosecute,
1645 3209 1736 3240 there
1770 3209 1797 3240 is
1821 3220 1840 3240 a
1864 3219 1964 3251 paper
1992 3220 2061 3250 pre-

1269 3263 1381 3294 served
1400 3263 1478 3293 with
1492 3262 1546 3293 the
1558 3263 1693 3293 defence
1706 3263 1738 3293 in
1756 3262 1905 3304 English.
1954 3262 2062 3294 There

1270 3318 1294 3348 is
1311 3318 1379 3348 also
1395 3328 1436 3348 an
1453 3324 1544 3358 entry
1563 3317 1663 3348 under
1680 3317 1756 3349 date
1773 3317 1917 3348 October
1934 3324 1964 3354 2,
1982 3315 2061 3356 1483

1270 3374 1377 3412 (1372,
1406 3383 1436 3413 p.
1460 3371 1524 3412 56),
1555 3372 1612 3402 but
1639 3371 1702 3402 this
1727 3372 1864 3403 consists
1890 3370 2008 3412 simply
2030 3369 2069 3400 of
