2165 3835
255 420 332 448 IIO
514 415 733 448 RECORDS
766 414 826 447 OF
858 415 958 446 THE
992 413 1227 446 BOROUGH
1261 413 1321 445 OF
1356 412 1704 445 NOTTINGHAM.
1841 403 1971 456 [1416

251 541 300 580 In
324 538 446 592 cujus
469 538 527 579 rei
557 537 857 579 testimonium
887 536 959 578 uni
978 537 1091 590 parti
1113 535 1242 589 hujus
1271 535 1419 588 scripti
1443 535 1657 576 indentati
1687 547 1820 588 penes
1849 548 1971 588 prae-

248 612 386 653 fatum
411 612 656 654 Galfridum
680 611 922 652 remanenti
946 610 1135 664 sigillum
1166 623 1399 650 commune
1421 608 1549 649 villae
1571 615 1746 649 nostrae
1768 609 1971 661 apposui-

250 700 364 736 mus;
417 685 539 726 alteri
581 699 682 726 vero
723 685 836 738 parti
877 698 1011 738 penes
1053 697 1132 724 nos
1174 683 1416 723 remanenti
1459 682 1707 735 praedictus
1750 681 1972 723 Galfridus

248 760 437 813 sigillum
461 773 586 800 suum
611 759 824 812 apposuit.
889 759 1056 799 Datum
1080 758 1121 797 in
1148 758 1303 799 Castro
1327 755 1698 809 Notynghamiae,
1722 755 1792 796 die
1816 755 1972 796 Martis

248 834 453 887 proximo
486 840 586 886 post
620 833 778 873 festum
813 831 1178 872 Annuntiationis
1215 831 1376 871 Beatae
1414 830 1582 870 Mariae
1617 829 1821 882 Virginis,
1857 842 1973 869 anno

248 907 368 959 regni
394 907 527 960 Regis
553 906 731 946 Henrici
756 905 908 959 Quinti
932 912 1031 958 post
1056 905 1384 957 Conquaestum
1409 909 1593 956 quarto.¹
1848 913 1970 954 4437.

521 1242 650 1281 XLV
658 1239 1004 1280 L—Enrolment
1023 1239 1077 1290 of
1099 1238 1242 1279 Gran!
1263 1245 1301 1278 to
1314 1237 1431 1292 solm
1462 1237 1700 1289 Tmeneslzy.

946 1332 1062 1382 1416,
1088 1331 1195 1383 May
1221 1342 1281 1370 20.

335 1440 409 1480 Ad
445 1440 572 1480 istam
609 1439 785 1480 Curiam
816 1437 995 1478 veniunt
1027 1436 1252 1490 Johannes
1282 1437 1499 1489 wysowe,
1530 1449 1716 1488 persona
1752 1435 1975 1476 Ecclesiae

248 1514 302 1554 de
328 1514 534 1566 Hiclyng,
557 1519 600 1553 et
633 1512 850 1552 Henricus
873 1511 1148 1559 Gamulston,
1171 1509 1434 1562 capellanus,
1458 1515 1500 1550 et
1530 1509 1727 1549 similiter
1748 1509 1974 1562 Johannes

248 1587 499 1640 Tannesley
522 1593 564 1627 et
587 1586 731 1626 Alicia
753 1599 866 1626 uxor
887 1585 1000 1638 cjus;
1033 1584 1105 1637 qui
1130 1583 1307 1637 quidem
1337 1583 1562 1636 Johannes
1585 1589 1628 1623 et
1651 1582 1795 1622 Alicia
1818 1589 1974 1636 petunt

247 1662 469 1714 quandam
512 1666 677 1701 cartam
720 1673 795 1712 per
837 1658 1056 1712 praefatos
1102 1657 1352 1710 Johannem
1395 1656 1602 1708 Wysowe
1644 1662 1686 1696 et
1732 1656 1973 1697 Henricum

247 1735 366 1788 illi[s]
390 1734 634 1775 confectam
666 1733 760 1786 legi,
784 1731 1066 1785 pronuntiari,
1097 1737 1139 1771 ct
1169 1730 1382 1771 irrotulari
1406 1730 1487 1770 sub
1510 1729 1601 1779 hae,
1626 1743 1738 1783 quae
1768 1729 1973 1782 sequitur,

247 1808 405 1848 forma:

334 1882 510 1924 ‘Sciant
532 1887 782 1935 praesentes
812 1886 855 1921 et
878 1879 1019 1928 futuri,
1043 1879 1160 1932 quod
1191 1892 1270 1918 nos
1298 1878 1525 1931 Johannes
1547 1878 1764 1931 Wysowe,
1788 1891 1975 1931 persona

249 1956 470 1997 Ecclesiae
504 1956 558 1996 de
595 1954 800 2007 Hiclyng‚
831 1960 873 1994 et
912 1953 1129 1992 Henricus
1163 1952 1436 2001 Gamulston,
1467 1951 1730 2005 capellanUS,
1760 1952 1973 2001 dedimus,

247 2030 540 2070 concessimus
578 2035 621 2068 et
658 2028 738 2067 hac
781 2027 998 2079 praesenti
1037 2032 1156 2066 carta
1198 2032 1346 2066 nostra
1389 2025 1745 2066 confirmavimus
1781 2026 1974 2079 Johanni

246 2103 497 2156 Tannesley
538 2109 581 2142 et
623 2101 793 2141 Aliciae
842 2100 969 2140 uxori
1012 2099 1104 2152 ejus
1154 2113 1288 2139 unum
1336 2099 1523 2152 capitale
1566 2099 1851 2152 mesuagium,
1894 2113 1974 2140 sex

246 2177 428 2229 cotagia,
452 2177 534 2217 tria
556 2180 819 2223 tenementa,
843 2186 976 2213 unum
1002 2173 1245 2225 gardinum,
1269 2186 1404 2212 unum
1428 2173 1626 2222 crostum,
1650 2187 1785 2213 unum
1808 2173 1972 2226 gallum

246 2256 332 2290 tres
369 2249 552 2302 gallinas
591 2247 722 2288 annui
757 2247 962 2295 reddituS,
993 2246 1145 2299 viginti
1178 2260 1311 2286 unam
1346 2260 1467 2286 acras
1500 2253 1542 2287 et
1574 2247 1802 2287 dimidiam
1836 2254 1975 2288 terrae

246 2323 430 2372 arabilis,
469 2328 656 2375 quatuor
697 2334 817 2360 acras
860 2320 982 2373 prati,
1018 2326 1060 2360 et
1097 2326 1285 2372 quatuor
1326 2333 1446 2360 acras
1489 2326 1703 2372 pasturae,
1738 2334 1837 2361 eum
1879 2334 1974 2374 per-

246 2397 440 2438 tinentiis
463 2397 560 2445 suis,
585 2396 625 2435 in
658 2394 759 2435 villa
787 2400 830 2434 et
859 2394 900 2433 in
932 2393 1098 2446 campis
1122 2393 1176 2433 de
1200 2393 1503 2446 Notyngham,
1527 2407 1639 2446 quae
1662 2407 1800 2446 nuper
1821 2394 1973 2434 habui-

248 2485 343 2511 mus
378 2485 434 2511 ex
468 2471 585 2510 dono
620 2476 662 2510 et
696 2468 977 2509 concessione
1011 2467 1219 2507 willelmi
1253 2468 1308 2507 de
1338 2467 1561 2521 Quyxley,
1585 2469 1640 2508 de
1670 2468 1972 2521 Notyngham,

247 2552 289 2585 et
311 2544 524 2598 Johannis
547 2544 601 2584 de
626 2544 826 2583 Preston:
859 2549 901 2582 et
924 2542 1196 2594 praedictum
1221 2541 1408 2594 capitale
1440 2543 1713 2595 mesuagium
1736 2543 1973 2583 situatum2

246 2625 311 2659 est
334 2619 376 2658 in
400 2618 438 2657 le
462 2618 710 2659 Stonstrete
733 2630 789 2656 ex
813 2622 936 2668 parte
958 2615 1218 2656 occidentali
1242 2615 1438 2668 ejusdem
1462 2616 1568 2665 viae,
1592 2623 1634 2657 et
1657 2617 1859 2657 extendit
1881 2631 1927 2657 se
1949 2631 1973 2657 a

247 2693 437 2745 quadam
467 2704 604 2731 vacua
634 2690 784 2742 placea
817 2696 956 2730 terrae
990 2689 1145 2729 Prioris
1178 2696 1221 2730 et
1252 2690 1505 2731 Conventus
1535 2690 1590 2730 de
1621 2690 1794 2737 Lenton
1824 2704 1973 2730 versus

247 2772 441 2806 austrum
465 2778 602 2817 usque
624 2763 847 2817 quoddam
871 2769 1173 2804 tenementum
1197 2764 1359 2804 Beatae
1383 2764 1560 2813 Mariae,
1579 2764 1621 2803 in
1640 2777 1727 2816 quo
1748 2764 1973 2816 Johannes

247 2839 316 2880 del
361 2839 433 2887 Ile,
475 2852 673 2890 cortyser,
716 2843 874 2887 manet,
908 2851 1056 2877 versus
1098 2837 1287 2888 boriam;
1331 2844 1375 2878 et
1411 2844 1599 2890 quatuor
1635 2838 1807 2890 cotagia
1844 2838 1972 2878 simul

244 2913 392 2966 jacent
415 2919 457 2953 et
479 2926 524 2952 se
546 2911 795 2952 extendunt
818 2925 843 2950 a
864 2911 983 2951 dicto
1005 2917 1259 2952 tenemento
1287 2912 1449 2952 Beatae
1479 2911 1657 2960 Mariae,
1681 2924 1779 2951 cum
1803 2911 1973 2952 duabus

248 2985 446 3034 corneris,
489 2984 700 3032 videlicet,
743 2997 841 3023 cum
894 2984 1085 3036 quadam
1138 2999 1317 3025 cornera
1368 2998 1424 3025 ex
1477 2985 1681 3038 opposito
1732 2986 1972 3026 tenementi

250 3059 430 3100 Roberti
469 3057 756 3110 Bladesmyth
794 3071 940 3097 versus
976 3058 1200 3108 orientem,
1238 3065 1281 3100 et
1312 3072 1411 3099 cum
1444 3059 1635 3112 quadam
1674 3059 1758 3099 alia
1794 3073 1973 3100 cornera

313 3193 322 3206 ¹
347 3189 534 3230 Appended
559 3193 592 3219 to
618 3188 680 3219 this
701 3188 765 3218 and
788 3187 842 3219 the
865 3188 1043 3229 preceding
1175 3190 1239 3221 and
1270 3190 1321 3221 his
1352 3200 1449 3229 arms,
1482 3200 1551 3231 gu„
1586 3200 1605 3220 a
1635 3189 1723 3221 bend
1750 3189 1900 3221 between
1924 3190 1972 3221 six

198 3261 202 3265 <
248 3243 331 3274 (leed
370 3253 424 3274 are
461 3248 526 3273 two
566 3242 629 3273 fine
668 3241 879 3283 impressions
917 3242 955 3272 of
991 3242 1042 3274 Sir
1174 3243 1332 3280 martlets,
1351 3253 1418 3284 arg.
1469 3242 1655 3281 (Tinctures
1672 3243 1754 3274 from
1771 3243 1972 3282 Thoroton.)

249 3297 403 3338 Geoffrey
427 3295 586 3328 Luterel’s
614 3296 689 3327 seal.
741 3296 770 3327 It
795 3296 889 3327 bears
917 3296 972 3327 the
995 3297 1041 3327 in-
1239 3299 1251 3313 ²
1273 3296 1463 3335 situatmm]
1485 3296 1583 3335 ‘cit-‚³
1601 3297 1693 3335 MS.;
1718 3307 1754 3328 so
1771 3297 1970 3339 throughout

249 3352 427 3394 scription:
466 3351 635 3393 ‘Sigillum
669 3351 807 3382 Galfridi
840 3350 1043 3389 Louterell'‚’
1175 3350 1230 3381 the
1247 3350 1441 3382 enrolment.
