2165 3835
329 412 411 454 334
591 410 810 442 RECORDs
843 411 903 442 OF
935 410 1036 441 THE
1069 409 1305 441 BOROUGH
1337 409 1398 440 OF
1432 408 1779 440 NOTTINGHAM.
1916 397 2044 452 [1483

329 533 479 576 Sancti
509 533 759 586 Augustini,
790 533 1078 573 Eboracensis
1113 531 1346 579 Dioecesis,
1377 530 1534 584 palam,
1568 530 1739 583 publice
1771 536 1813 570 et
1845 543 2051 582 expresse

327 606 545 648 fatebatur
566 613 609 648 et
632 607 814 648 asseruit
836 613 940 647 tunc
963 606 1136 655 ibidem,
1159 605 1277 658 quod
1309 605 1534 658 Johannes
1558 603 1800 657 Mapurley,
1823 603 2050 656 burgensis

327 680 452 721 villae
486 681 782 734 Notingham'‚
806 681 977 734 saepius
1010 686 1052 721 et
1084 680 1296 720 instanter
1325 678 1547 731 inquisivit
1576 683 1618 718 et
1651 677 1775 730 petiit
1808 677 1863 717 ab
1895 678 2048 718 eodem

329 755 482 803 Priore,
520 755 553 794 si
591 768 700 807 quas
736 755 863 795 sciret
900 767 975 794 seu
1012 753 1191 794 haberet
1228 753 1270 792 in
1309 753 1427 793 dicto
1465 751 1660 792 Prioratu
1696 765 1775 791 suo
1811 751 2051 793 evidentias

327 829 554 882 loquentes
577 835 651 869 aut
680 834 918 870 tractantes
947 829 1002 868 de
1030 828 1239 876 clausura,
1262 825 1401 867 crofto
1429 839 1503 866 seu
1534 832 1712 878 pastura
1739 826 1913 878 jacente
1942 826 2052 866 infra

326 902 484 943 limites
519 910 561 943 et
596 902 765 944 bundas
802 902 1087 954 Notingham'
1121 914 1194 941 seu
1228 900 1411 941 Basford
1444 906 1600 940 vocata
1637 900 1824 941 ‘Corner
1856 900 2051 951 Wonge‚'

326 977 501 1017 easdem
525 977 604 1017 sibi
634 977 887 1029 dignaretur
916 977 1194 1016 demonstare
1223 982 1264 1015 et
1295 974 1522 1015 exhibere:
1555 973 1677 1027 cujus
1703 973 1987 1026 petitionibus
2009 980 2052 1014 et

327 1051 543 1091 instantiis
567 1050 864 1103 frequentibus
888 1051 1002 1091 idem
1028 1049 1147 1089 Prior
1169 1049 1386 1089 amicitiae
1417 1049 1574 1089 intuitu
1605 1049 1783 1088 tandem
1809 1049 2051 1098 inclinatus,

327 1125 368 1164 in
393 1138 508 1164 anno
540 1125 718 1164 Domini
750 1124 981 1164 millesimo
1007 1131 1176 1164 CCCCfflO
1198 1123 1479 1176 octogesimo,
1502 1123 1724 1175 quandam
1749 1123 2050 1163 indenturam1

326 1198 467 1252 sigillo
492 1198 670 1239 Domini
694 1198 875 1239 Walteri
900 1199 1041 1238 bonae
1065 1197 1311 1246 memoriae,
1334 1197 1558 1250 quondam
1584 1196 1873 1236 Eboracensis
1896 1195 2052 1236 Archi-

327 1273 530 1326 episcopi‚
569 1286 666 1313 cum
704 1272 847 1325 sigillo
884 1273 1106 1313 communi
1144 1271 1271 1312 villae
1309 1270 1596 1323 Notingham‘
1633 1270 1867 1323 sigillatam
1910 1271 2051 1311 eidem

325 1347 516 1399 Johanni
541 1346 773 1400 Mapurley
796 1346 966 1387 realiter
988 1345 1316 1395 demonstravit,
1334 1359 1409 1398 per
1431 1344 1553 1398 cujus
1577 1344 1834 1385 indenturae
1855 1351 2051 1385 tenorem

327 1420 556 1461 manifeste
598 1420 800 1474 liquebat,
845 1420 962 1473 quod
1018 1420 1261 1472 Burgenses
1303 1426 1345 1460 et
1389 1418 1694 1462 Communitas
1742 1418 1884 1458 dictae
1925 1418 2052 1458 villae

328 1494 613 1547 Notingham'
643 1508 923 1534 communam
958 1500 1161 1547 pasturae
1193 1494 1234 1533 in
1268 1494 1386 1534 dicta
1417 1493 1615 1533 clausura
1647 1492 1858 1532 haberent
1887 1499 1929 1532 et
1958 1493 2053 1544 Jure

327 1577 537 1623 perpetuo
570 1570 790 1622 possidere
823 1569 1051 1609 deberent:
1089 1582 1220 1620 quam
1256 1568 1433 1621 quidem
1467 1568 1744 1608 indenturam
1780 1573 1821 1607 et
1856 1573 2050 1607 tenorem

326 1645 520 1697 ejusdem
553 1644 666 1683 idem
700 1644 923 1696 Johannes
953 1644 1065 1683 clare
1097 1656 1181 1682 non
1206 1643 1463 1693 intelligens,
1487 1647 1533 1680 ut
1564 1641 1687 1688 dixit,
1713 1642 1923 1681 instanter
1953 1654 2051 1693 sup-

326 1719 501 1772 plicavit
531 1718 671 1758 eidem
706 1718 848 1765 Priori,
872 1718 1077 1770 quatinus
1100 1730 1197 1756 eam
1221 1716 1300 1755 sibi
1324 1715 1562 1755 deliberare
1586 1728 1633 1754 ac
1658 1715 1711 1754 ad
1736 1715 2050 1767 inspiciendam

326 1802 367 1834 et
399 1800 566 1833 mature
595 1792 938 1832 examinandam
970 1792 1155 1831 eandem
1188 1804 1262 1843 per
1293 1802 1423 1829 unam
1454 1788 1759 1835 ebdomadam,
1791 1801 1864 1827 seu
1896 1788 2050 1828 saltem

326 1882 401 1921 per
434 1875 519 1908 tres
555 1868 656 1914 dies,
693 1867 944 1918 dignaretur
979 1866 1323 1909 accommodare,
1360 1863 1659 1916 promittendo
1695 1862 1887 1911 fideliter,
1922 1864 2050 1915 quod,

326 1942 448 1994 lapso
470 1942 581 1981 tanti
605 1941 812 1993 temporis
836 1939 1074 1988 intervallo,
1100 1940 1255 1980 iterum
1281 1938 1359 1978 sibi
1386 1937 1631 1977 reliberaret
1661 1937 1849 1976 eandam
1873 1936 2051 1985 salvam,

327 2030 491 2063 sanam,
534 2017 748 2067 integram
792 2021 833 2055 et
877 2014 1082 2062 illaesam,
1127 2013 1207 2053 sub
1249 2025 1390 2065 poena
1432 2012 1585 2064 viginti
1628 2010 1855 2059 librarum;
1902 2010 2051 2064 qua[e]

326 2091 556 2130 indentura
591 2091 708 2130 dicto
744 2089 934 2142 Johanni
971 2087 1205 2140 Mapurley
1239 2100 1313 2139 per
1347 2087 1512 2126 dictum
1554 2085 1743 2125 Priorem
1778 2084 2050 2133 deliberatur,

326 2179 385 2215 ac,
418 2165 642 2218 praedicto
675 2171 873 2216 tempore
911 2162 1071 2214 elapso,
1106 2161 1400 2213 saepe-dictus
1437 2160 1660 2211 Johannes
1700 2159 1942 2211 Mapurley,
1977 2173 2052 2212 per

326 2246 493 2293 partem
518 2239 836 2292 praenominati
864 2238 1018 2277 Prioris
1043 2238 1096 2276 ad
1121 2235 1448 2276 deliberandam
1479 2240 1520 2274 et
1551 2234 1704 2273 iterum
1736 2233 2049 2273 restituendam

326 2315 466 2354 eidem
508 2314 639 2354 Priori
678 2313 946 2366 praedictam
990 2311 1268 2351 indenturam
1312 2309 1411 2349 licet
1453 2309 1625 2361 saepius
1667 2307 1967 2360 interpellatus
2009 2314 2052 2347 et

327 2389 519 2441 legitime
548 2389 788 2441 requisitus,
813 2386 931 2427 illam
961 2385 1200 2426 deliberare
1229 2391 1272 2424 et
1302 2383 1526 2424 restituere
1556 2383 1728 2436 penitus
1759 2382 1981 2430 recusavit,
2009 2388 2052 2422 et

327 2468 495 2502 recusat
525 2463 565 2502 in
602 2461 830 2514 praesenti,
865 2461 905 2500 in
942 2459 1115 2499 animae
1147 2471 1250 2498 suae
1283 2471 1413 2511 grave
1445 2457 1665 2510 periclum,
1695 2457 1801 2509 juris
1836 2456 2050 2508 injuriam,

327 2551 375 2576 ac
405 2537 601 2577 omnium
636 2537 841 2576 interesse
875 2535 915 2573 in
947 2534 1064 2574 dicta
1093 2533 1300 2580 clausura,
1325 2530 1463 2572 crofto
1485 2544 1559 2570 seu
1583 2537 1761 2583 pastura
1783 2530 2050 2577 habentium,

327 2619 368 2652 et
399 2612 629 2665 praecipue
661 2609 948 2662 Burgensium
979 2615 1021 2648 et
1052 2606 1393 2650 Communitatis
1423 2605 1565 2645 dictae
1595 2604 1722 2644 villae
1753 2603 2050 2656 Notingham',

327 2686 641 2739 praejudicium
665 2686 996 2737 dampnumque
1026 2695 1112 2722 non
1144 2681 1364 2722 modicum
1389 2686 1431 2720 et
1453 2692 1700 2732 gravamen.
1754 2678 1881 2732 Quae
1903 2677 2052 2717 omnia

326 2767 368 2799 et
403 2759 572 2812 singula
606 2758 843 2811 praemissa
875 2757 990 2797 idem
1026 2756 1145 2796 Prior
1177 2762 1279 2796 tunc
1313 2754 1474 2795 ibidem
1508 2754 1689 2794 asseruit
1721 2752 1851 2792 fuisse
1883 2758 1926 2792 et
1957 2765 2051 2792 esse

327 2847 437 2881 vera,
460 2834 569 2873 sicut
592 2845 737 2872 coram
764 2831 949 2873 Summo
970 2830 1124 2883 Judice
1148 2828 1409 2881 respondere
1431 2827 1615 2868 voluerit
1638 2828 1678 2866 in
1705 2826 1788 2866 Die
1809 2826 1978 2878 Judicii.

412 2906 530 2947 Acta
558 2914 659 2946 sunt
687 2906 793 2945 haec
823 2905 970 2944 omnia
999 2911 1041 2944 et
1070 2903 1240 2956 singula
1270 2909 1398 2955 prout
1427 2915 1556 2954 supra
1586 2901 1830 2941 scribuntur
1858 2906 1900 2940 et
1927 2899 2049 2939 recit-

327 2987 454 3021 antur
487 2980 566 3021 sub
604 2993 719 3019 anno
758 2979 948 3027 Domini,
986 2978 1241 3026 Indictione,
1276 2976 1544 3030 pontificatu,
1580 2988 1738 3024 mense,
1775 2975 1844 3014 die
1878 2980 1921 3013 et
1955 2973 2050 3012 loco

327 3069 457 3108 supra
487 3054 624 3103 dictis,
647 3052 948 3106 praesentibus
978 3058 1080 3092 tunc
1108 3052 1268 3091 ibidem
1302 3049 1619 3090 venerabilibus
1652 3055 1694 3089 et
1726 3047 1921 3088 discretis
1948 3046 2047 3086 viris

325 3130 527 3181 Johanne
582 3128 744 3176 Hunte,
797 3127 850 3166 ad
903 3132 1006 3166 tunc
1059 3125 1229 3178 Majore
1278 3124 1528 3177 praedictae
1572 3122 1700 3162 villae
1750 3119 2048 3173 Notingham'‚

328 3202 565 3243 Laurentio
588 3201 731 3249 Lowe,
757 3199 1051 3240 Recordatore
1077 3199 1274 3252 ejusdem
1296 3199 1434 3248 villae,
1457 3197 1679 3238 Willelmo
1704 3194 1983 3248 Esyngwold,
2006 3199 2050 3233 et

328 3277 474 3318 multis
497 3276 590 3317 aliis
612 3275 796 3316 testibus
819 3274 873 3314 ad
897 3273 1136 3326 praemissa
1157 3273 1322 3314 vocatis
1345 3271 1588 3325 specialiter
1610 3277 1653 3311 et
1675 3269 1847 3322 rogatis

342 3370 351 3384 ¹
377 3366 457 3399 This
481 3366 507 3397 is
530 3364 696 3405 evidently
714 3363 768 3394 the
785 3362 893 3394 award
910 3362 947 3393 of
966 3362 1177 3403 Archbishop
1195 3361 1332 3399 Giffard,
1357 3368 1482 3399 1270-1,
1501 3361 1644 3401 January
1665 3366 1701 3397 17
1722 3359 1798 3397 (vol.
1819 3358 1838 3389 i.
1860 3368 1941 3399 page
1957 3356 2024 3396 48).
