<?xml version="1.0" encoding="UTF-8"?>
<!DOCTYPE html PUBLIC "-//W3C//DTD XHTML 1.0 Transitional//EN"
    "http://www.w3.org/TR/xhtml1/DTD/xhtml1-transitional.dtd">
<html xmlns="http://www.w3.org/1999/xhtml" xml:lang="en" lang="en">
 <head>
  <title>
</title>
<meta http-equiv="Content-Type" content="text/html;charset=utf-8" />
  <meta name='ocr-system' content='tesseract 3.04.00' />
  <meta name='ocr-capabilities' content='ocr_page ocr_carea ocr_par ocr_line ocrx_word'/>
</head>
<body>
  <div class='ocr_page' id='page_1' title='image "./recordsofborough02nott_0314.png"; bbox 0 0 2165 3835; ppageno 0'>
   <div class='ocr_carea' id='block_1_1' title="bbox 252 395 1968 449">
    <p class='ocr_par' dir='ltr' id='par_1_1' title="bbox 252 395 1968 449">
     <span class='ocr_line' id='line_1_1' title="bbox 252 395 1968 449; baseline -0.001 -13"><span class='ocrx_word' id='word_1_1' title='bbox 252 397 334 436; x_wconf 86' lang='lat'>286</span> <span class='ocrx_word' id='word_1_2' title='bbox 516 403 735 436; x_wconf 80' lang='lat' dir='ltr'>RECORDs</span> <span class='ocrx_word' id='word_1_3' title='bbox 767 403 828 436; x_wconf 88' lang='lat' dir='ltr'>OF</span> <span class='ocrx_word' id='word_1_4' title='bbox 861 404 961 435; x_wconf 85' lang='lat' dir='ltr'>THE</span> <span class='ocrx_word' id='word_1_5' title='bbox 994 403 1229 436; x_wconf 80' lang='lat' dir='ltr'><strong>BOROUGH</strong></span> <span class='ocrx_word' id='word_1_6' title='bbox 1263 403 1323 435; x_wconf 79' lang='lat' dir='ltr'>oF</span> <span class='ocrx_word' id='word_1_7' title='bbox 1357 403 1704 435; x_wconf 87' lang='lat' dir='ltr'>NOTT1NGHAM.</span> <span class='ocrx_word' id='word_1_8' title='bbox 1840 395 1968 449; x_wconf 83' lang='lat'>[1473</span> 
     </span>
    </p>
   </div>
   <div class='ocr_carea' id='block_1_2' title="bbox 242 526 1972 3025">
    <p class='ocr_par' dir='ltr' id='par_1_2' title="bbox 242 526 1972 3025">
     <span class='ocr_line' id='line_1_2' title="bbox 249 526 1970 580; baseline 0 -13"><span class='ocrx_word' id='word_1_9' title='bbox 249 527 429 567; x_wconf 87' lang='lat' dir='ltr'>Domini</span> <span class='ocrx_word' id='word_1_10' title='bbox 473 527 606 580; x_wconf 83' lang='lat' dir='ltr'>Regis</span> <span class='ocrx_word' id='word_1_11' title='bbox 647 540 723 580; x_wconf 90' lang='lat' dir='ltr'>per</span> <span class='ocrx_word' id='word_1_12' title='bbox 760 527 924 568; x_wconf 89' lang='lat' dir='ltr'>litteras</span> <span class='ocrx_word' id='word_1_13' title='bbox 960 540 1060 567; x_wconf 89' lang='lat' dir='ltr'>suas</span> <span class='ocrx_word' id='word_1_14' title='bbox 1097 533 1297 580; x_wconf 85' lang='lat' dir='ltr'>patentes</span> <span class='ocrx_word' id='word_1_15' title='bbox 1335 526 1580 579; x_wconf 83' lang='lat' dir='ltr'>assignatos</span> <span class='ocrx_word' id='word_1_16' title='bbox 1618 526 1749 579; x_wconf 84' lang='lat' dir='ltr'>juxta</span> <span class='ocrx_word' id='word_1_17' title='bbox 1785 526 1970 567; x_wconf 90' lang='lat' dir='ltr'>formam</span> 
     </span>
     <span class='ocr_line' id='line_1_3' title="bbox 249 600 1971 653; baseline -0.001 -10"><span class='ocrx_word' id='word_1_18' title='bbox 249 601 413 643; x_wconf 86' lang='lat' dir='ltr'>Statuti</span> <span class='ocrx_word' id='word_1_19' title='bbox 443 601 533 641; x_wconf 89' lang='lat' dir='ltr'>sive</span> <span class='ocrx_word' id='word_1_20' title='bbox 554 600 697 642; x_wconf 87' lang='lat' dir='ltr'>Actus</span> <span class='ocrx_word' id='word_1_21' title='bbox 726 601 768 641; x_wconf 93' lang='lat' dir='ltr'>in</span> <span class='ocrx_word' id='word_1_22' title='bbox 804 601 1098 641; x_wconf 88' lang='lat' dir='ltr'>Parliamento</span> <span class='ocrx_word' id='word_1_23' title='bbox 1130 601 1246 653; x_wconf 91' lang='lat' dir='ltr'>apud</span> <span class='ocrx_word' id='word_1_24' title='bbox 1270 600 1712 640; x_wconf 86' lang='lat' dir='ltr'>Westrnonasterium</span> <span class='ocrx_word' id='word_1_25' title='bbox 1743 607 1872 641; x_wconf 81' lang='lat' dir='ltr'>sexto</span> <span class='ocrx_word' id='word_1_26' title='bbox 1901 601 1971 641; x_wconf 89' lang='lat' dir='ltr'>die</span> 
     </span>
     <span class='ocr_line' id='line_1_4' title="bbox 249 674 1971 728; baseline 0 -13"><span class='ocrx_word' id='word_1_27' title='bbox 249 675 453 716; x_wconf 81' lang='lat' dir='ltr'>Octobris</span> <span class='ocrx_word' id='word_1_28' title='bbox 483 675 638 715; x_wconf 88' lang='lat' dir='ltr'>ultimo</span> <span class='ocrx_word' id='word_1_29' title='bbox 668 675 902 728; x_wconf 89' lang='lat' dir='ltr'>praeterito</span> <span class='ocrx_word' id='word_1_30' title='bbox 932 675 1147 723; x_wconf 88' lang='lat' dir='ltr'>inchoato,</span> <span class='ocrx_word' id='word_1_31' title='bbox 1171 675 1225 714; x_wconf 92' lang='lat' dir='ltr'>ad</span> <span class='ocrx_word' id='word_1_32' title='bbox 1256 674 1552 723; x_wconf 89' lang='lat' dir='ltr'>scrutandum,</span> <span class='ocrx_word' id='word_1_33' title='bbox 1585 674 1892 726; x_wconf 88' lang='lat' dir='ltr'>inquirendum</span> <span class='ocrx_word' id='word_1_34' title='bbox 1928 681 1971 715; x_wconf 91' lang='lat' dir='ltr'>et</span> 
     </span>
     <span class='ocr_line' id='line_1_5' title="bbox 248 747 1969 802; baseline 0.001 -15"><span class='ocrx_word' id='word_1_35' title='bbox 248 749 543 801; x_wconf 79' lang='lat' dir='ltr'>cognitionem</span> <span class='ocrx_word' id='word_1_36' title='bbox 581 749 839 802; x_wconf 77' lang='lat' dir='ltr'>capiendam</span> <span class='ocrx_word' id='word_1_37' title='bbox 873 749 928 788; x_wconf 94' lang='lat' dir='ltr'>de</span> <span class='ocrx_word' id='word_1_38' title='bbox 960 755 1003 788; x_wconf 90' lang='lat' dir='ltr'>et</span> <span class='ocrx_word' id='word_1_39' title='bbox 1035 762 1164 800; x_wconf 92' lang='lat' dir='ltr'>super</span> <span class='ocrx_word' id='word_1_40' title='bbox 1192 747 1337 788; x_wconf 85' lang='lat' dir='ltr'>valore</span> <span class='ocrx_word' id='word_1_41' title='bbox 1369 747 1569 787; x_wconf 81' lang='lat' dir='ltr'>exituum</span> <span class='ocrx_word' id='word_1_42' title='bbox 1602 753 1644 787; x_wconf 94' lang='lat' dir='ltr'>et</span> <span class='ocrx_word' id='word_1_43' title='bbox 1679 747 1969 800; x_wconf 87' lang='lat' dir='ltr'>proficuorum</span> 
     </span>
     <span class='ocr_line' id='line_1_6' title="bbox 247 822 1969 872; baseline 0 -10"><span class='ocrx_word' id='word_1_44' title='bbox 247 823 374 863; x_wconf 92' lang='lat' dir='ltr'>unius</span> <span class='ocrx_word' id='word_1_45' title='bbox 411 824 512 863; x_wconf 89' lang='lat' dir='ltr'>anni</span> <span class='ocrx_word' id='word_1_46' title='bbox 550 823 789 864; x_wconf 78' lang='lat' dir='ltr'>dumtaxat</span> <span class='ocrx_word' id='word_1_47' title='bbox 826 823 881 863; x_wconf 87' lang='lat' dir='ltr'>de</span> <span class='ocrx_word' id='word_1_48' title='bbox 921 822 1124 863; x_wconf 89' lang='lat' dir='ltr'>omnibus</span> <span class='ocrx_word' id='word_1_49' title='bbox 1166 822 1289 862; x_wconf 88' lang='lat' dir='ltr'>terris</span> <span class='ocrx_word' id='word_1_50' title='bbox 1327 827 1369 862; x_wconf 90' lang='lat' dir='ltr'>et</span> <span class='ocrx_word' id='word_1_51' title='bbox 1406 822 1679 870; x_wconf 77' lang='lat' dir='ltr'>tenementis,</span> <span class='ocrx_word' id='word_1_52' title='bbox 1718 822 1969 872; x_wconf 82' lang='lat' dir='ltr'>redditibus,</span> 
     </span>
     <span class='ocr_line' id='line_1_7' title="bbox 247 895 1972 950; baseline 0.001 -14"><span class='ocrx_word' id='word_1_53' title='bbox 247 896 395 946; x_wconf 88' lang='lat' dir='ltr'>feodis,</span> <span class='ocrx_word' id='word_1_54' title='bbox 437 897 748 946; x_wconf 81' lang='lat' dir='ltr'>annuitatibUS,</span> <span class='ocrx_word' id='word_1_55' title='bbox 791 896 954 945; x_wconf 87' lang='lat' dir='ltr'>officiis,</span> <span class='ocrx_word' id='word_1_56' title='bbox 997 896 1204 936; x_wconf 90' lang='lat' dir='ltr'>corrodiis</span> <span class='ocrx_word' id='word_1_57' title='bbox 1246 902 1288 936; x_wconf 92' lang='lat' dir='ltr'>et</span> <span class='ocrx_word' id='word_1_58' title='bbox 1332 895 1625 948; x_wconf 79' lang='lat' dir='ltr'>pensionibus,</span> <span class='ocrx_word' id='word_1_59' title='bbox 1667 909 1780 949; x_wconf 86' lang='lat' dir='ltr'>quae</span> <span class='ocrx_word' id='word_1_60' title='bbox 1826 896 1972 950; x_wconf 88' lang='lat' dir='ltr'>aliqua</span> 
     </span>
     <span class='ocr_line' id='line_1_8' title="bbox 246 969 1971 1024; baseline 0 -13"><span class='ocrx_word' id='word_1_61' title='bbox 246 984 431 1024; x_wconf 87' lang='lat' dir='ltr'>persona</span> <span class='ocrx_word' id='word_1_62' title='bbox 453 971 573 1024; x_wconf 82' lang='lat' dir='ltr'>regni</span> <span class='ocrx_word' id='word_1_63' title='bbox 597 970 788 1023; x_wconf 81' lang='lat' dir='ltr'>Angliae</span> <span class='ocrx_word' id='word_1_64' title='bbox 811 984 897 1010; x_wconf 92' lang='lat' dir='ltr'>non</span> <span class='ocrx_word' id='word_1_65' title='bbox 921 970 1116 1010; x_wconf 77' lang='lat' dir='ltr'>existens</span> <span class='ocrx_word' id='word_1_66' title='bbox 1141 970 1359 1009; x_wconf 89' lang='lat' dir='ltr'>Dominus</span> <span class='ocrx_word' id='word_1_67' title='bbox 1384 969 1662 1010; x_wconf 88' lang='lat' dir='ltr'>Parliamenti</span> <span class='ocrx_word' id='word_1_68' title='bbox 1686 970 1828 1020; x_wconf 91' lang='lat' dir='ltr'>habet,</span> <span class='ocrx_word' id='word_1_69' title='bbox 1851 977 1971 1011; x_wconf 91' lang='lat' dir='ltr'>tenet</span> 
     </span>
     <span class='ocr_line' id='line_1_9' title="bbox 246 1043 1971 1098; baseline 0.001 -14"><span class='ocrx_word' id='word_1_70' title='bbox 246 1051 288 1085; x_wconf 90' lang='lat' dir='ltr'>et</span> <span class='ocrx_word' id='word_1_71' title='bbox 317 1051 503 1098; x_wconf 90' lang='lat' dir='ltr'>occupat</span> <span class='ocrx_word' id='word_1_72' title='bbox 532 1044 641 1085; x_wconf 91' lang='lat' dir='ltr'>infra</span> <span class='ocrx_word' id='word_1_73' title='bbox 672 1045 942 1087; x_wconf 89' lang='lat' dir='ltr'>Comitatum</span> <span class='ocrx_word' id='word_1_74' title='bbox 966 1044 1093 1084; x_wconf 87' lang='lat' dir='ltr'>villae</span> <span class='ocrx_word' id='word_1_75' title='bbox 1123 1043 1421 1096; x_wconf 69' lang='lat' dir='ltr'>Noffingham&#39;,</span> <span class='ocrx_word' id='word_1_76' title='bbox 1445 1044 1685 1084; x_wconf 86' lang='lat' dir='ltr'>secundum</span> <span class='ocrx_word' id='word_1_77' title='bbox 1716 1043 1901 1085; x_wconf 90' lang='lat' dir='ltr'>formam</span> <span class='ocrx_word' id='word_1_78' title='bbox 1928 1051 1971 1086; x_wconf 91' lang='lat' dir='ltr'>et</span> 
     </span>
     <span class='ocr_line' id='line_1_10' title="bbox 246 1118 1969 1171; baseline 0 -12"><span class='ocrx_word' id='word_1_79' title='bbox 246 1118 449 1159; x_wconf 85' lang='lat' dir='ltr'>effectum</span> <span class='ocrx_word' id='word_1_80' title='bbox 489 1119 653 1161; x_wconf 83' lang='lat' dir='ltr'>Statuti</span> <span class='ocrx_word' id='word_1_81' title='bbox 691 1119 780 1159; x_wconf 87' lang='lat' dir='ltr'>sive</span> <span class='ocrx_word' id='word_1_82' title='bbox 814 1118 955 1159; x_wconf 87' lang='lat' dir='ltr'>Actus</span> <span class='ocrx_word' id='word_1_83' title='bbox 993 1118 1215 1171; x_wconf 82' lang='lat' dir='ltr'>praedicti,</span> <span class='ocrx_word' id='word_1_84' title='bbox 1253 1131 1309 1158; x_wconf 84' lang='lat' dir='ltr'>ex</span> <span class='ocrx_word' id='word_1_85' title='bbox 1348 1131 1434 1158; x_wconf 87' lang='lat' dir='ltr'>una</span> <span class='ocrx_word' id='word_1_86' title='bbox 1471 1124 1604 1171; x_wconf 89' lang='lat' dir='ltr'>parte,</span> <span class='ocrx_word' id='word_1_87' title='bbox 1643 1124 1685 1159; x_wconf 91' lang='lat' dir='ltr'>et</span> <span class='ocrx_word' id='word_1_88' title='bbox 1721 1118 1969 1171; x_wconf 90' lang='lat' dir='ltr'>Johannem</span> 
     </span>
     <span class='ocr_line' id='line_1_11' title="bbox 247 1192 1970 1246; baseline 0.001 -14"><span class='ocrx_word' id='word_1_89' title='bbox 247 1192 489 1246; x_wconf 87' lang='lat' dir='ltr'>Mapurley,</span> <span class='ocrx_word' id='word_1_90' title='bbox 531 1193 779 1246; x_wconf 86' lang='lat' dir='ltr'>Johannem</span> <span class='ocrx_word' id='word_1_91' title='bbox 824 1192 965 1242; x_wconf 86' lang='lat' dir='ltr'>Clerk,</span> <span class='ocrx_word' id='word_1_92' title='bbox 1006 1192 1254 1245; x_wconf 90' lang='lat' dir='ltr'>Johannem</span> <span class='ocrx_word' id='word_1_93' title='bbox 1304 1192 1464 1245; x_wconf 90' lang='lat' dir='ltr'>Dalby,</span> <span class='ocrx_word' id='word_1_94' title='bbox 1509 1192 1746 1233; x_wconf 86' lang='lat' dir='ltr'>Ricardum</span> <span class='ocrx_word' id='word_1_95' title='bbox 1800 1193 1970 1243; x_wconf 87' lang='lat' dir='ltr'>Parker‚</span> 
     </span>
     <span class='ocr_line' id='line_1_12' title="bbox 248 1265 1970 1319; baseline 0 -12"><span class='ocrx_word' id='word_1_96' title='bbox 248 1267 489 1307; x_wconf 87' lang='lat' dir='ltr'>Robertum</span> <span class='ocrx_word' id='word_1_97' title='bbox 541 1267 775 1316; x_wconf 82' lang='lat' dir='ltr'>Shirwode,</span> <span class='ocrx_word' id='word_1_98' title='bbox 820 1267 1057 1307; x_wconf 84' lang='lat' dir='ltr'>Ricardum</span> <span class='ocrx_word' id='word_1_99' title='bbox 1107 1267 1284 1315; x_wconf 87' lang='lat' dir='ltr'>Burton‚</span> <span class='ocrx_word' id='word_1_100' title='bbox 1326 1265 1574 1318; x_wconf 89' lang='lat' dir='ltr'>Johannem</span> <span class='ocrx_word' id='word_1_101' title='bbox 1630 1266 1886 1319; x_wconf 89' lang='lat' dir='ltr'>Horsepole,</span> <span class='ocrx_word' id='word_1_102' title='bbox 1928 1274 1970 1307; x_wconf 92' lang='lat' dir='ltr'>et</span> 
     </span>
     <span class='ocr_line' id='line_1_13' title="bbox 248 1339 1969 1394; baseline 0.001 -14"><span class='ocrx_word' id='word_1_103' title='bbox 248 1341 484 1381; x_wconf 79' lang='lat' dir='ltr'>Ricardum</span> <span class='ocrx_word' id='word_1_104' title='bbox 519 1340 745 1394; x_wconf 85' lang='lat' dir='ltr'>Spendluf,</span> <span class='ocrx_word' id='word_1_105' title='bbox 781 1340 1046 1383; x_wconf 90' lang='lat' dir='ltr'>Collectores</span> <span class='ocrx_word' id='word_1_106' title='bbox 1079 1339 1189 1380; x_wconf 90' lang='lat' dir='ltr'>infra</span> <span class='ocrx_word' id='word_1_107' title='bbox 1223 1339 1494 1381; x_wconf 88' lang='lat' dir='ltr'>Comitatum</span> <span class='ocrx_word' id='word_1_108' title='bbox 1528 1339 1724 1393; x_wconf 89' lang='lat' dir='ltr'>ejusdem</span> <span class='ocrx_word' id='word_1_109' title='bbox 1755 1340 1882 1381; x_wconf 88' lang='lat' dir='ltr'>villae</span> <span class='ocrx_word' id='word_1_110' title='bbox 1914 1342 1969 1381; x_wconf 88' lang='lat' dir='ltr'>ad</span> 
     </span>
     <span class='ocr_line' id='line_1_14' title="bbox 244 1413 1968 1468; baseline 0 -13"><span class='ocrx_word' id='word_1_111' title='bbox 244 1416 459 1456; x_wconf 86' lang='lat' dir='ltr'>decimam</span> <span class='ocrx_word' id='word_1_112' title='bbox 491 1422 659 1468; x_wconf 88' lang='lat' dir='ltr'>partem</span> <span class='ocrx_word' id='word_1_113' title='bbox 690 1415 890 1455; x_wconf 80' lang='lat' dir='ltr'>exituum</span> <span class='ocrx_word' id='word_1_114' title='bbox 921 1421 963 1455; x_wconf 92' lang='lat' dir='ltr'>et</span> <span class='ocrx_word' id='word_1_115' title='bbox 993 1413 1284 1467; x_wconf 88' lang='lat' dir='ltr'>proficuorum</span> <span class='ocrx_word' id='word_1_116' title='bbox 1314 1419 1524 1454; x_wconf 88' lang='lat' dir='ltr'>terrarum</span> <span class='ocrx_word' id='word_1_117' title='bbox 1553 1420 1595 1454; x_wconf 89' lang='lat' dir='ltr'>et</span> <span class='ocrx_word' id='word_1_118' title='bbox 1618 1420 1968 1455; x_wconf 91' lang='lat' dir='ltr'>tenementorum</span> 
     </span>
     <span class='ocr_line' id='line_1_15' title="bbox 245 1487 1970 1542; baseline 0 -13"><span class='ocrx_word' id='word_1_119' title='bbox 245 1503 294 1530; x_wconf 90' lang='lat' dir='ltr'>ac</span> <span class='ocrx_word' id='word_1_120' title='bbox 336 1496 577 1530; x_wconf 90' lang='lat' dir='ltr'>ceterorum</span> <span class='ocrx_word' id='word_1_121' title='bbox 621 1490 958 1542; x_wconf 84' lang='lat' dir='ltr'>praemissorum</span> <span class='ocrx_word' id='word_1_122' title='bbox 1002 1488 1323 1541; x_wconf 89' lang='lat' dir='ltr'>praedictorum</span> <span class='ocrx_word' id='word_1_123' title='bbox 1367 1487 1658 1540; x_wconf 78' lang='lat' dir='ltr'>colligendam</span> <span class='ocrx_word' id='word_1_124' title='bbox 1712 1502 1787 1541; x_wconf 91' lang='lat' dir='ltr'>per</span> <span class='ocrx_word' id='word_1_125' title='bbox 1830 1489 1970 1530; x_wconf 91' lang='lat' dir='ltr'>dictos</span> 
     </span>
     <span class='ocr_line' id='line_1_16' title="bbox 246 1561 1969 1616; baseline -0.002 -10"><span class='ocrx_word' id='word_1_126' title='bbox 246 1564 655 1606; x_wconf 86' lang='lat' dir='ltr'>Commissionarios</span> <span class='ocrx_word' id='word_1_127' title='bbox 679 1564 837 1604; x_wconf 78' lang='lat' dir='ltr'>virtute</span> <span class='ocrx_word' id='word_1_128' title='bbox 859 1569 949 1603; x_wconf 89' lang='lat' dir='ltr'>tam</span> <span class='ocrx_word' id='word_1_129' title='bbox 973 1562 1201 1616; x_wconf 87' lang='lat' dir='ltr'>cujusdam</span> <span class='ocrx_word' id='word_1_130' title='bbox 1225 1562 1544 1602; x_wconf 87' lang='lat' dir='ltr'>commissionis</span> <span class='ocrx_word' id='word_1_131' title='bbox 1568 1561 1763 1615; x_wconf 89' lang='lat' dir='ltr'>ejusdem</span> <span class='ocrx_word' id='word_1_132' title='bbox 1789 1563 1969 1603; x_wconf 90' lang='lat' dir='ltr'>Domini</span> 
     </span>
     <span class='ocr_line' id='line_1_17' title="bbox 246 1636 1968 1691; baseline -0.001 -13"><span class='ocrx_word' id='word_1_133' title='bbox 246 1639 379 1691; x_wconf 80' lang='lat' dir='ltr'>Regis</span> <span class='ocrx_word' id='word_1_134' title='bbox 414 1651 544 1690; x_wconf 86' lang='lat' dir='ltr'>quarn</span> <span class='ocrx_word' id='word_1_135' title='bbox 581 1638 790 1690; x_wconf 84' lang='lat' dir='ltr'>praedicti</span> <span class='ocrx_word' id='word_1_136' title='bbox 826 1637 966 1677; x_wconf 81' lang='lat' dir='ltr'>Actus</span> <span class='ocrx_word' id='word_1_137' title='bbox 1001 1637 1162 1677; x_wconf 80' lang='lat' dir='ltr'>electos</span> <span class='ocrx_word' id='word_1_138' title='bbox 1200 1643 1242 1676; x_wconf 91' lang='lat' dir='ltr'>et</span> <span class='ocrx_word' id='word_1_139' title='bbox 1280 1636 1535 1688; x_wconf 75' lang='lat' dir='ltr'>assignatos,</span> <span class='ocrx_word' id='word_1_140' title='bbox 1571 1649 1627 1675; x_wconf 79' lang='lat' dir='ltr'>ex</span> <span class='ocrx_word' id='word_1_141' title='bbox 1663 1636 1798 1676; x_wconf 88' lang='lat' dir='ltr'>altera</span> <span class='ocrx_word' id='word_1_142' title='bbox 1835 1643 1968 1689; x_wconf 89' lang='lat' dir='ltr'>parte,</span> 
     </span>
     <span class='ocr_line' id='line_1_18' title="bbox 244 1709 1968 1765; baseline 0 -13"><span class='ocrx_word' id='word_1_143' title='bbox 244 1719 438 1761; x_wconf 90' lang='lat' dir='ltr'>testatur,</span> <span class='ocrx_word' id='word_1_144' title='bbox 461 1713 577 1765; x_wconf 86' lang='lat' dir='ltr'>quod</span> <span class='ocrx_word' id='word_1_145' title='bbox 602 1712 810 1765; x_wconf 84' lang='lat' dir='ltr'>praedicti</span> <span class='ocrx_word' id='word_1_146' title='bbox 840 1711 1225 1759; x_wconf 82' lang='lat' dir='ltr'>Commissionarii,</span> <span class='ocrx_word' id='word_1_147' title='bbox 1249 1711 1319 1750; x_wconf 87' lang='lat' dir='ltr'>die</span> <span class='ocrx_word' id='word_1_148' title='bbox 1348 1709 1632 1750; x_wconf 88' lang='lat' dir='ltr'>confectionis</span> <span class='ocrx_word' id='word_1_149' title='bbox 1662 1711 1968 1763; x_wconf 89' lang='lat' dir='ltr'>praesentium,</span> 
     </span>
     <span class='ocr_line' id='line_1_19' title="bbox 244 1783 1967 1836; baseline -0.001 -9"><span class='ocrx_word' id='word_1_150' title='bbox 244 1787 515 1827; x_wconf 86' lang='lat' dir='ltr'>tradiderunt</span> <span class='ocrx_word' id='word_1_151' title='bbox 553 1793 595 1827; x_wconf 93' lang='lat' dir='ltr'>et</span> <span class='ocrx_word' id='word_1_152' title='bbox 632 1786 981 1826; x_wconf 87' lang='lat' dir='ltr'>deliberaverunt</span> <span class='ocrx_word' id='word_1_153' title='bbox 1018 1785 1181 1825; x_wconf 88' lang='lat' dir='ltr'>eisdem</span> <span class='ocrx_word' id='word_1_154' title='bbox 1223 1783 1538 1825; x_wconf 90' lang='lat' dir='ltr'>Collectoribus</span> <span class='ocrx_word' id='word_1_155' title='bbox 1576 1797 1779 1836; x_wconf 84' lang='lat' dir='ltr'>praesens</span> <span class='ocrx_word' id='word_1_156' title='bbox 1817 1785 1967 1826; x_wconf 90' lang='lat' dir='ltr'>folium</span> 
     </span>
     <span class='ocr_line' id='line_1_20' title="bbox 243 1858 1967 1913; baseline -0.001 -13"><span class='ocrx_word' id='word_1_157' title='bbox 243 1862 518 1902; x_wconf 89' lang='lat' dir='ltr'>indentatum</span> <span class='ocrx_word' id='word_1_158' title='bbox 554 1875 601 1901; x_wconf 85' lang='lat' dir='ltr'>ac</span> <span class='ocrx_word' id='word_1_159' title='bbox 632 1860 841 1913; x_wconf 85' lang='lat' dir='ltr'>scriptum</span> <span class='ocrx_word' id='word_1_160' title='bbox 872 1873 970 1900; x_wconf 90' lang='lat' dir='ltr'>cum</span> <span class='ocrx_word' id='word_1_161' title='bbox 1001 1859 1182 1899; x_wconf 87' lang='lat' dir='ltr'>summis</span> <span class='ocrx_word' id='word_1_162' title='bbox 1213 1859 1355 1898; x_wconf 86' lang='lat' dir='ltr'>dictae</span> <span class='ocrx_word' id='word_1_163' title='bbox 1385 1858 1580 1897; x_wconf 88' lang='lat' dir='ltr'>decimae</span> <span class='ocrx_word' id='word_1_164' title='bbox 1610 1859 1744 1910; x_wconf 88' lang='lat' dir='ltr'>partis</span> <span class='ocrx_word' id='word_1_165' title='bbox 1767 1859 1967 1899; x_wconf 84' lang='lat' dir='ltr'>exituum</span> 
     </span>
     <span class='ocr_line' id='line_1_21' title="bbox 242 1933 1967 1988; baseline -0.001 -13"><span class='ocrx_word' id='word_1_166' title='bbox 242 1942 284 1975; x_wconf 93' lang='lat' dir='ltr'>et</span> <span class='ocrx_word' id='word_1_167' title='bbox 327 1934 618 1988; x_wconf 88' lang='lat' dir='ltr'>proficuorum</span> <span class='ocrx_word' id='word_1_168' title='bbox 661 1935 850 1974; x_wconf 87' lang='lat' dir='ltr'>oneratis</span> <span class='ocrx_word' id='word_1_169' title='bbox 893 1935 946 1974; x_wconf 85' lang='lat' dir='ltr'>ad</span> <span class='ocrx_word' id='word_1_170' title='bbox 990 1934 1251 1974; x_wconf 90' lang='lat' dir='ltr'>solutionem</span> <span class='ocrx_word' id='word_1_171' title='bbox 1295 1933 1406 1980; x_wconf 89' lang='lat' dir='ltr'>inde,</span> <span class='ocrx_word' id='word_1_172' title='bbox 1451 1945 1536 1972; x_wconf 84' lang='lat' dir='ltr'>una</span> <span class='ocrx_word' id='word_1_173' title='bbox 1578 1945 1675 1972; x_wconf 91' lang='lat' dir='ltr'>cum</span> <span class='ocrx_word' id='word_1_174' title='bbox 1719 1934 1967 1974; x_wconf 91' lang='lat' dir='ltr'>nominibus</span> 
     </span>
     <span class='ocr_line' id='line_1_22' title="bbox 242 2007 1969 2063; baseline -0.001 -14"><span class='ocrx_word' id='word_1_175' title='bbox 242 2023 524 2063; x_wconf 86' lang='lat' dir='ltr'>personarum</span> <span class='ocrx_word' id='word_1_176' title='bbox 555 2008 840 2049; x_wconf 90' lang='lat' dir='ltr'>onerabilium</span> <span class='ocrx_word' id='word_1_177' title='bbox 875 2015 917 2048; x_wconf 88' lang='lat' dir='ltr'>et</span> <span class='ocrx_word' id='word_1_178' title='bbox 949 2014 1224 2048; x_wconf 87' lang='lat' dir='ltr'>oneratarum</span> <span class='ocrx_word' id='word_1_179' title='bbox 1259 2008 1313 2046; x_wconf 91' lang='lat' dir='ltr'>ad</span> <span class='ocrx_word' id='word_1_180' title='bbox 1346 2007 1530 2047; x_wconf 90' lang='lat' dir='ltr'>eandem</span> <span class='ocrx_word' id='word_1_181' title='bbox 1564 2007 1825 2047; x_wconf 90' lang='lat' dir='ltr'>solutionem</span> <span class='ocrx_word' id='word_1_182' title='bbox 1859 2007 1969 2048; x_wconf 90' lang='lat' dir='ltr'>infra</span> 
     </span>
     <span class='ocr_line' id='line_1_23' title="bbox 245 2081 1966 2136; baseline -0.001 -12"><span class='ocrx_word' id='word_1_183' title='bbox 245 2084 515 2125; x_wconf 89' lang='lat' dir='ltr'>Comitatum</span> <span class='ocrx_word' id='word_1_184' title='bbox 539 2083 666 2123; x_wconf 88' lang='lat' dir='ltr'>villae</span> <span class='ocrx_word' id='word_1_185' title='bbox 689 2083 947 2136; x_wconf 88' lang='lat' dir='ltr'>praedictae,</span> <span class='ocrx_word' id='word_1_186' title='bbox 972 2083 1025 2122; x_wconf 88' lang='lat' dir='ltr'>ad</span> <span class='ocrx_word' id='word_1_187' title='bbox 1057 2082 1350 2134; x_wconf 79' lang='lat' dir='ltr'>colligendum</span> <span class='ocrx_word' id='word_1_188' title='bbox 1382 2095 1430 2120; x_wconf 88' lang='lat' dir='ltr'>ac</span> <span class='ocrx_word' id='word_1_189' title='bbox 1458 2081 1703 2130; x_wconf 79' lang='lat' dir='ltr'>levandum,</span> <span class='ocrx_word' id='word_1_190' title='bbox 1728 2082 1966 2122; x_wconf 89' lang='lat' dir='ltr'>secundum</span> 
     </span>
     <span class='ocr_line' id='line_1_24' title="bbox 243 2155 1968 2209; baseline -0.001 -11"><span class='ocrx_word' id='word_1_191' title='bbox 243 2158 330 2198; x_wconf 87' lang='lat' dir='ltr'>vim</span> <span class='ocrx_word' id='word_1_192' title='bbox 349 2164 391 2198; x_wconf 94' lang='lat' dir='ltr'>et</span> <span class='ocrx_word' id='word_1_193' title='bbox 409 2157 613 2198; x_wconf 87' lang='lat' dir='ltr'>effectum</span> <span class='ocrx_word' id='word_1_194' title='bbox 633 2157 774 2198; x_wconf 83' lang='lat' dir='ltr'>Actus</span> <span class='ocrx_word' id='word_1_195' title='bbox 793 2157 1013 2209; x_wconf 88' lang='lat' dir='ltr'>praedicti,</span> <span class='ocrx_word' id='word_1_196' title='bbox 1032 2156 1297 2208; x_wconf 86' lang='lat' dir='ltr'>easdemque</span> <span class='ocrx_word' id='word_1_197' title='bbox 1315 2169 1508 2195; x_wconf 89' lang='lat' dir='ltr'>summas</span> <span class='ocrx_word' id='word_1_198' title='bbox 1530 2156 1720 2208; x_wconf 90' lang='lat' dir='ltr'>Johanni</span> <span class='ocrx_word' id='word_1_199' title='bbox 1741 2155 1968 2208; x_wconf 86' lang='lat' dir='ltr'>Maperley</span> 
     </span>
     <span class='ocr_line' id='line_1_25' title="bbox 243 2229 1966 2284; baseline -0.001 -12"><span class='ocrx_word' id='word_1_200' title='bbox 243 2239 284 2272; x_wconf 89' lang='lat' dir='ltr'>et</span> <span class='ocrx_word' id='word_1_201' title='bbox 307 2231 497 2284; x_wconf 89' lang='lat' dir='ltr'>Johanni</span> <span class='ocrx_word' id='word_1_202' title='bbox 523 2231 679 2274; x_wconf 88' lang='lat' dir='ltr'>Clerke</span> <span class='ocrx_word' id='word_1_203' title='bbox 702 2245 776 2284; x_wconf 90' lang='lat' dir='ltr'>per</span> <span class='ocrx_word' id='word_1_204' title='bbox 799 2232 1007 2284; x_wconf 88' lang='lat' dir='ltr'>scriptum</span> <span class='ocrx_word' id='word_1_205' title='bbox 1032 2231 1308 2271; x_wconf 87' lang='lat' dir='ltr'>indentatum</span> <span class='ocrx_word' id='word_1_206' title='bbox 1333 2230 1443 2270; x_wconf 90' lang='lat' dir='ltr'>inter</span> <span class='ocrx_word' id='word_1_207' title='bbox 1465 2230 1605 2270; x_wconf 92' lang='lat' dir='ltr'>dictos</span> <span class='ocrx_word' id='word_1_208' title='bbox 1636 2229 1901 2271; x_wconf 87' lang='lat' dir='ltr'>Collectores</span> <span class='ocrx_word' id='word_1_209' title='bbox 1925 2236 1966 2270; x_wconf 88' lang='lat' dir='ltr'>et</span> 
     </span>
     <span class='ocr_line' id='line_1_26' title="bbox 243 2302 1966 2359; baseline -0.001 -13"><span class='ocrx_word' id='word_1_210' title='bbox 243 2307 382 2347; x_wconf 88' lang='lat' dir='ltr'>dictos</span> <span class='ocrx_word' id='word_1_211' title='bbox 416 2306 664 2359; x_wconf 89' lang='lat' dir='ltr'>Johannem</span> <span class='ocrx_word' id='word_1_212' title='bbox 702 2305 931 2358; x_wconf 83' lang='lat' dir='ltr'>Maperley</span> <span class='ocrx_word' id='word_1_213' title='bbox 965 2311 1006 2345; x_wconf 90' lang='lat' dir='ltr'>et</span> <span class='ocrx_word' id='word_1_214' title='bbox 1040 2304 1288 2357; x_wconf 90' lang='lat' dir='ltr'>Johannem</span> <span class='ocrx_word' id='word_1_215' title='bbox 1325 2303 1481 2345; x_wconf 87' lang='lat' dir='ltr'>Clerke</span> <span class='ocrx_word' id='word_1_216' title='bbox 1514 2303 1614 2343; x_wconf 89' lang='lat' dir='ltr'>inde</span> <span class='ocrx_word' id='word_1_217' title='bbox 1646 2302 1966 2344; x_wconf 88' lang='lat' dir='ltr'>conficiendum</span> 
     </span>
     <span class='ocr_line' id='line_1_27' title="bbox 243 2378 1966 2431; baseline -0.002 -10"><span class='ocrx_word' id='word_1_218' title='bbox 243 2380 516 2421; x_wconf 91' lang='lat' dir='ltr'>liberandum</span> <span class='ocrx_word' id='word_1_219' title='bbox 554 2381 674 2421; x_wconf 86' lang='lat' dir='ltr'>salvo</span> <span class='ocrx_word' id='word_1_220' title='bbox 716 2380 1036 2428; x_wconf 83' lang='lat' dir='ltr'>custodiendas,</span> <span class='ocrx_word' id='word_1_221' title='bbox 1070 2379 1309 2419; x_wconf 89' lang='lat' dir='ltr'>secundum</span> <span class='ocrx_word' id='word_1_222' title='bbox 1343 2378 1527 2419; x_wconf 91' lang='lat' dir='ltr'>formam</span> <span class='ocrx_word' id='word_1_223' title='bbox 1561 2378 1703 2419; x_wconf 85' lang='lat' dir='ltr'>Actus</span> <span class='ocrx_word' id='word_1_224' title='bbox 1744 2378 1966 2431; x_wconf 88' lang='lat' dir='ltr'>praedicti,</span> 
     </span>
     <span class='ocr_line' id='line_1_28' title="bbox 242 2452 1964 2505; baseline -0.001 -10"><span class='ocrx_word' id='word_1_225' title='bbox 242 2469 411 2495; x_wconf 93' lang='lat' dir='ltr'>necnon</span> <span class='ocrx_word' id='word_1_226' title='bbox 445 2454 639 2495; x_wconf 91' lang='lat' dir='ltr'>defectus</span> <span class='ocrx_word' id='word_1_227' title='bbox 672 2461 714 2495; x_wconf 91' lang='lat' dir='ltr'>et</span> <span class='ocrx_word' id='word_1_228' title='bbox 746 2454 1094 2494; x_wconf 89' lang='lat' dir='ltr'>non-solutiones</span> <span class='ocrx_word' id='word_1_229' title='bbox 1128 2453 1169 2492; x_wconf 88' lang='lat' dir='ltr'>in</span> <span class='ocrx_word' id='word_1_230' title='bbox 1200 2453 1354 2493; x_wconf 90' lang='lat' dir='ltr'>eodem</span> <span class='ocrx_word' id='word_1_231' title='bbox 1379 2452 1496 2493; x_wconf 86' lang='lat' dir='ltr'>Actu</span> <span class='ocrx_word' id='word_1_232' title='bbox 1524 2452 1693 2505; x_wconf 87' lang='lat' dir='ltr'>plenius</span> <span class='ocrx_word' id='word_1_233' title='bbox 1723 2465 1964 2505; x_wconf 83' lang='lat' dir='ltr'>expressos,</span> 
     </span>
     <span class='ocr_line' id='line_1_29' title="bbox 243 2525 1963 2582; baseline -0.001 -14"><span class='ocrx_word' id='word_1_234' title='bbox 243 2530 276 2568; x_wconf 90' lang='lat' dir='ltr'>si</span> <span class='ocrx_word' id='word_1_235' title='bbox 314 2530 386 2582; x_wconf 86' lang='lat' dir='ltr'>qui</span> <span class='ocrx_word' id='word_1_236' title='bbox 420 2528 509 2568; x_wconf 90' lang='lat' dir='ltr'>fore</span> <span class='ocrx_word' id='word_1_237' title='bbox 546 2529 817 2581; x_wconf 83' lang='lat' dir='ltr'>contigerint,</span> <span class='ocrx_word' id='word_1_238' title='bbox 847 2528 888 2567; x_wconf 93' lang='lat' dir='ltr'>in</span> <span class='ocrx_word' id='word_1_239' title='bbox 925 2528 1200 2569; x_wconf 83' lang='lat' dir='ltr'>Scaccarium</span> <span class='ocrx_word' id='word_1_240' title='bbox 1238 2527 1417 2567; x_wconf 90' lang='lat' dir='ltr'>Domini</span> <span class='ocrx_word' id='word_1_241' title='bbox 1453 2527 1586 2579; x_wconf 80' lang='lat' dir='ltr'>Regis</span> <span class='ocrx_word' id='word_1_242' title='bbox 1623 2525 1963 2576; x_wconf 84' lang='lat' dir='ltr'>certificandum,</span> 
     </span>
     <span class='ocr_line' id='line_1_30' title="bbox 243 2601 1966 2654; baseline 0 -12"><span class='ocrx_word' id='word_1_243' title='bbox 243 2604 482 2643; x_wconf 88' lang='lat' dir='ltr'>secundum</span> <span class='ocrx_word' id='word_1_244' title='bbox 516 2609 710 2643; x_wconf 89' lang='lat' dir='ltr'>tenorem</span> <span class='ocrx_word' id='word_1_245' title='bbox 744 2603 940 2654; x_wconf 78' lang='lat' dir='ltr'>ejusdem</span> <span class='ocrx_word' id='word_1_246' title='bbox 972 2601 1123 2649; x_wconf 84' lang='lat' dir='ltr'>Actus,</span> <span class='ocrx_word' id='word_1_247' title='bbox 1155 2615 1203 2641; x_wconf 90' lang='lat' dir='ltr'>ac</span> <span class='ocrx_word' id='word_1_248' title='bbox 1236 2608 1379 2641; x_wconf 88' lang='lat' dir='ltr'>cetera</span> <span class='ocrx_word' id='word_1_249' title='bbox 1411 2614 1712 2654; x_wconf 85' lang='lat' dir='ltr'>quaecumque</span> <span class='ocrx_word' id='word_1_250' title='bbox 1744 2601 1892 2641; x_wconf 90' lang='lat' dir='ltr'>omnia</span> <span class='ocrx_word' id='word_1_251' title='bbox 1924 2608 1966 2642; x_wconf 89' lang='lat' dir='ltr'>et</span> 
     </span>
     <span class='ocr_line' id='line_1_31' title="bbox 243 2674 1964 2730; baseline -0.002 -13"><span class='ocrx_word' id='word_1_252' title='bbox 243 2677 424 2730; x_wconf 79' lang='lat' dir='ltr'>singula,</span> <span class='ocrx_word' id='word_1_253' title='bbox 448 2691 559 2730; x_wconf 83' lang='lat' dir='ltr'>quae</span> <span class='ocrx_word' id='word_1_254' title='bbox 581 2676 785 2729; x_wconf 80' lang='lat' dir='ltr'>praefatis</span> <span class='ocrx_word' id='word_1_255' title='bbox 817 2676 1132 2718; x_wconf 87' lang='lat' dir='ltr'>Collectoribus</span> <span class='ocrx_word' id='word_1_256' title='bbox 1159 2676 1325 2716; x_wconf 90' lang='lat' dir='ltr'>ratione</span> <span class='ocrx_word' id='word_1_257' title='bbox 1347 2681 1389 2715; x_wconf 86' lang='lat' dir='ltr'>et</span> <span class='ocrx_word' id='word_1_258' title='bbox 1412 2675 1570 2716; x_wconf 87' lang='lat' dir='ltr'>virtute</span> <span class='ocrx_word' id='word_1_259' title='bbox 1592 2674 1733 2715; x_wconf 85' lang='lat' dir='ltr'>Actus</span> <span class='ocrx_word' id='word_1_260' title='bbox 1756 2675 1964 2727; x_wconf 84' lang='lat' dir='ltr'>praedicti</span> 
     </span>
     <span class='ocr_line' id='line_1_32' title="bbox 244 2749 1964 2803; baseline -0.001 -12"><span class='ocrx_word' id='word_1_261' title='bbox 244 2765 321 2803; x_wconf 90' lang='lat' dir='ltr'>pro</span> <span class='ocrx_word' id='word_1_262' title='bbox 349 2750 606 2791; x_wconf 92' lang='lat' dir='ltr'>collectione</span> <span class='ocrx_word' id='word_1_263' title='bbox 634 2763 902 2790; x_wconf 88' lang='lat' dir='ltr'>summarum</span> <span class='ocrx_word' id='word_1_264' title='bbox 934 2750 1254 2802; x_wconf 90' lang='lat' dir='ltr'>praedictarum</span> <span class='ocrx_word' id='word_1_265' title='bbox 1285 2749 1444 2790; x_wconf 90' lang='lat' dir='ltr'>collata</span> <span class='ocrx_word' id='word_1_266' title='bbox 1472 2756 1583 2798; x_wconf 91' lang='lat' dir='ltr'>sunt,</span> <span class='ocrx_word' id='word_1_267' title='bbox 1607 2749 1865 2799; x_wconf 87' lang='lat' dir='ltr'>faciendum,</span> <span class='ocrx_word' id='word_1_268' title='bbox 1888 2763 1964 2790; x_wconf 85' lang='lat' dir='ltr'>ex—</span> 
     </span>
     <span class='ocr_line' id='line_1_33' title="bbox 243 2822 1963 2878; baseline -0.002 -13"><span class='ocrx_word' id='word_1_269' title='bbox 243 2826 488 2874; x_wconf 90' lang='lat' dir='ltr'>ercendum,</span> <span class='ocrx_word' id='word_1_270' title='bbox 512 2825 838 2878; x_wconf 83' lang='lat' dir='ltr'>expediendum</span> <span class='ocrx_word' id='word_1_271' title='bbox 862 2831 904 2864; x_wconf 89' lang='lat' dir='ltr'>et</span> <span class='ocrx_word' id='word_1_272' title='bbox 932 2824 1252 2877; x_wconf 79' lang='lat' dir='ltr'>exequendum,</span> <span class='ocrx_word' id='word_1_273' title='bbox 1277 2824 1516 2864; x_wconf 89' lang='lat' dir='ltr'>secundum</span> <span class='ocrx_word' id='word_1_274' title='bbox 1540 2822 1743 2864; x_wconf 82' lang='lat' dir='ltr'>effectum</span> <span class='ocrx_word' id='word_1_275' title='bbox 1767 2823 1963 2876; x_wconf 89' lang='lat' dir='ltr'>ejusdem</span> 
     </span>
     <span class='ocr_line' id='line_1_34' title="bbox 243 2897 1963 2952; baseline -0.001 -14"><span class='ocrx_word' id='word_1_276' title='bbox 243 2898 393 2939; x_wconf 82' lang='lat' dir='ltr'>Actus.</span> <span class='ocrx_word' id='word_1_277' title='bbox 457 2899 655 2952; x_wconf 77' lang='lat' dir='ltr'>Quarum</span> <span class='ocrx_word' id='word_1_278' title='bbox 685 2898 861 2951; x_wconf 88' lang='lat' dir='ltr'>quidem</span> <span class='ocrx_word' id='word_1_279' title='bbox 893 2911 1161 2938; x_wconf 89' lang='lat' dir='ltr'>summarum</span> <span class='ocrx_word' id='word_1_280' title='bbox 1192 2898 1440 2951; x_wconf 87' lang='lat' dir='ltr'>particulae,</span> <span class='ocrx_word' id='word_1_281' title='bbox 1464 2911 1550 2937; x_wconf 92' lang='lat' dir='ltr'>una</span> <span class='ocrx_word' id='word_1_282' title='bbox 1582 2911 1679 2937; x_wconf 94' lang='lat' dir='ltr'>cum</span> <span class='ocrx_word' id='word_1_283' title='bbox 1714 2897 1963 2937; x_wconf 89' lang='lat' dir='ltr'>nominibus</span> 
     </span>
     <span class='ocr_line' id='line_1_35' title="bbox 244 2971 1654 3025; baseline -0.002 -12"><span class='ocrx_word' id='word_1_284' title='bbox 244 2986 525 3025; x_wconf 88' lang='lat' dir='ltr'>personarum</span> <span class='ocrx_word' id='word_1_285' title='bbox 549 2972 881 3025; x_wconf 87' lang='lat' dir='ltr'>praedictarum,</span> <span class='ocrx_word' id='word_1_286' title='bbox 905 2978 1057 3024; x_wconf 90' lang='lat' dir='ltr'>patent</span> <span class='ocrx_word' id='word_1_287' title='bbox 1080 2972 1121 3011; x_wconf 93' lang='lat' dir='ltr'>in</span> <span class='ocrx_word' id='word_1_288' title='bbox 1146 2971 1409 3024; x_wconf 85' lang='lat' dir='ltr'>subscriptis,</span> <span class='ocrx_word' id='word_1_289' title='bbox 1433 2971 1654 3011; x_wconf 85' lang='lat' dir='ltr'>videlicet:</span> 
     </span>
    </p>
   </div>
   <div class='ocr_carea' id='block_1_3' title="bbox 877 3104 1324 3140">
    <p class='ocr_par' dir='ltr' id='par_1_3' title="bbox 877 3104 1324 3140">
     <span class='ocr_line' id='line_1_36' title="bbox 877 3104 1324 3140; baseline 0.002 -1"><span class='ocrx_word' id='word_1_290' title='bbox 877 3104 1009 3139; x_wconf 83' lang='lat' dir='ltr'><strong>VILLA</strong></span> <span class='ocrx_word' id='word_1_291' title='bbox 1040 3104 1324 3140; x_wconf 77' lang='lat' dir='ltr'><strong>NOTYNGHAM.</strong></span> 
     </span>
    </p>
   </div>
   <div class='ocr_carea' id='block_1_4' title="bbox 246 3197 1961 3397">
    <p class='ocr_par' dir='ltr' id='par_1_4' title="bbox 246 3197 1961 3397">
     <span class='ocr_line' id='line_1_37' title="bbox 246 3197 1504 3250; baseline -0.001 -12"><span class='ocrx_word' id='word_1_292' title='bbox 246 3198 314 3237; x_wconf 92' lang='lat' dir='ltr'>De</span> <span class='ocrx_word' id='word_1_293' title='bbox 337 3198 510 3238; x_wconf 91' lang='lat' dir='ltr'>Thoma</span> <span class='ocrx_word' id='word_1_294' title='bbox 532 3197 757 3237; x_wconf 90' lang='lat' dir='ltr'>Thurland</span> <span class='ocrx_word' id='word_1_295' title='bbox 782 3211 859 3249; x_wconf 91' lang='lat' dir='ltr'>pro</span> <span class='ocrx_word' id='word_1_296' title='bbox 881 3198 1052 3238; x_wconf 90' lang='lat' dir='ltr'>decima</span> <span class='ocrx_word' id='word_1_297' title='bbox 1074 3204 1195 3250; x_wconf 88' lang='lat' dir='ltr'>parte</span> <span class='ocrx_word' id='word_1_298' title='bbox 1222 3198 1354 3238; x_wconf 88' lang='lat' dir='ltr'>totius</span> <span class='ocrx_word' id='word_1_299' title='bbox 1384 3197 1504 3238; x_wconf 89' lang='lat' dir='ltr'>liberi</span> 
     </span>
     <span class='ocr_line' id='line_1_38' title="bbox 416 3269 1961 3323; baseline -0.001 -12"><span class='ocrx_word' id='word_1_300' title='bbox 416 3272 653 3312; x_wconf 91' lang='lat' dir='ltr'>tenementi</span> <span class='ocrx_word' id='word_1_301' title='bbox 677 3272 740 3311; x_wconf 90' lang='lat' dir='ltr'>sui</span> <span class='ocrx_word' id='word_1_302' title='bbox 763 3271 924 3311; x_wconf 87' lang='lat' dir='ltr'>ibidem</span> <span class='ocrx_word' id='word_1_303' title='bbox 991 3304 996 3310; x_wconf 96' lang='lat'>.</span> <span class='ocrx_word' id='word_1_304' title='bbox 1117 3304 1122 3310; x_wconf 96' lang='lat'>.</span> <span class='ocrx_word' id='word_1_305' title='bbox 1243 3304 1249 3310; x_wconf 89' lang='lat'>.</span> <span class='ocrx_word' id='word_1_306' title='bbox 1369 3305 1375 3310; x_wconf 95' lang='lat'>.</span> <span class='ocrx_word' id='word_1_307' title='bbox 1496 3305 1501 3310; x_wconf 94' lang='lat'>.</span> <span class='ocrx_word' id='word_1_308' title='bbox 1571 3271 1748 3323; x_wconf 82' lang='lat' dir='ltr'>lxxiiijs.</span> <span class='ocrx_word' id='word_1_309' title='bbox 1773 3270 1871 3322; x_wconf 88' lang='lat' dir='ltr'>vijd.</span> <span class='ocrx_word' id='word_1_310' title='bbox 1895 3269 1961 3309; x_wconf 94' lang='lat' dir='ltr'>ob.</span> 
     </span>
     <span class='ocr_line' id='line_1_39' title="bbox 246 3343 1960 3397; baseline -0.001 -12"><span class='ocrx_word' id='word_1_311' title='bbox 246 3344 315 3385; x_wconf 89' lang='lat' dir='ltr'>De</span> <span class='ocrx_word' id='word_1_312' title='bbox 338 3345 526 3387; x_wconf 87' lang='lat' dir='ltr'>Caecilia</span> <span class='ocrx_word' id='word_1_313' title='bbox 548 3344 826 3397; x_wconf 85' lang='lat' dir='ltr'>Wyntworth</span> <span class='ocrx_word' id='word_1_314' title='bbox 850 3358 927 3397; x_wconf 89' lang='lat' dir='ltr'>pro</span> <span class='ocrx_word' id='word_1_315' title='bbox 949 3345 1161 3384; x_wconf 90' lang='lat' dir='ltr'>consimili</span> <span class='ocrx_word' id='word_1_316' title='bbox 1186 3345 1347 3385; x_wconf 89' lang='lat' dir='ltr'>ibidem</span> <span class='ocrx_word' id='word_1_317' title='bbox 1370 3378 1376 3384; x_wconf 94' lang='lat'>.</span> <span class='ocrx_word' id='word_1_318' title='bbox 1496 3378 1502 3384; x_wconf 91' lang='lat'><em>.</em></span> <span class='ocrx_word' id='word_1_319' title='bbox 1616 3345 1764 3384; x_wconf 81' lang='lat' dir='ltr'>xxixs.</span> <span class='ocrx_word' id='word_1_320' title='bbox 1788 3344 1871 3397; x_wconf 85' lang='lat' dir='ltr'>vjd.</span> <span class='ocrx_word' id='word_1_321' title='bbox 1896 3343 1960 3384; x_wconf 93' lang='lat' dir='ltr'>ob.</span> 
     </span>
    </p>
   </div>
  </div>
 </body>
</html>
