<?xml version="1.0" encoding="UTF-8"?>
<!DOCTYPE html PUBLIC "-//W3C//DTD XHTML 1.0 Transitional//EN"
    "http://www.w3.org/TR/xhtml1/DTD/xhtml1-transitional.dtd">
<html xmlns="http://www.w3.org/1999/xhtml" xml:lang="en" lang="en">
 <head>
  <title>
</title>
<meta http-equiv="Content-Type" content="text/html;charset=utf-8" />
  <meta name='ocr-system' content='tesseract 3.04.00' />
  <meta name='ocr-capabilities' content='ocr_page ocr_carea ocr_par ocr_line ocrx_word'/>
</head>
<body>
  <div class='ocr_page' id='page_1' title='image "./recordsofborough02nott_0274.png"; bbox 0 0 2165 3835; ppageno 0'>
   <div class='ocr_carea' id='block_1_1' title="bbox 298 407 2017 464">
    <p class='ocr_par' dir='ltr' id='par_1_1' title="bbox 298 407 2017 464">
     <span class='ocr_line' id='line_1_1' title="bbox 298 407 2017 464; baseline -0.003 -11"><span class='ocrx_word' id='word_1_1' title='bbox 298 415 380 464; x_wconf 82' lang='lat'>246</span> <span class='ocrx_word' id='word_1_2' title='bbox 562 421 782 453; x_wconf 82' lang='lat' dir='ltr'><strong>RECORDS</strong></span> <span class='ocrx_word' id='word_1_3' title='bbox 814 421 875 452; x_wconf 83' lang='lat' dir='ltr'>OF</span> <span class='ocrx_word' id='word_1_4' title='bbox 908 420 1008 451; x_wconf 82' lang='lat' dir='ltr'>THE</span> <span class='ocrx_word' id='word_1_5' title='bbox 1040 419 1276 452; x_wconf 78' lang='lat' dir='ltr'><strong>BOROUGH</strong></span> <span class='ocrx_word' id='word_1_6' title='bbox 1310 419 1370 450; x_wconf 86' lang='lat' dir='ltr'>OF</span> <span class='ocrx_word' id='word_1_7' title='bbox 1405 417 1752 449; x_wconf 77' lang='lat' dir='ltr'>NOTTINGHAM.</span> <span class='ocrx_word' id='word_1_8' title='bbox 1888 407 2017 462; x_wconf 84' lang='lat'>[1462</span> 
     </span>
    </p>
   </div>
   <div class='ocr_carea' id='block_1_2' title="bbox 298 540 2023 1115">
    <p class='ocr_par' dir='ltr' id='par_1_2' title="bbox 298 540 2023 894">
     <span class='ocr_line' id='line_1_2' title="bbox 386 540 2020 598; baseline -0.004 -12"><span class='ocrx_word' id='word_1_9' title='bbox 386 546 455 586; x_wconf 82' lang='lat' dir='ltr'>De</span> <span class='ocrx_word' id='word_1_10' title='bbox 486 545 643 598; x_wconf 90' lang='lat' dir='ltr'>quibus</span> <span class='ocrx_word' id='word_1_11' title='bbox 676 551 831 598; x_wconf 90' lang='lat' dir='ltr'>petunt</span> <span class='ocrx_word' id='word_1_12' title='bbox 864 543 1037 584; x_wconf 87' lang='lat' dir='ltr'>allocari</span> <span class='ocrx_word' id='word_1_13' title='bbox 1070 543 1124 583; x_wconf 92' lang='lat' dir='ltr'>de</span> <span class='ocrx_word' id='word_1_14' title='bbox 1157 541 1312 594; x_wconf 75' lang='lat' dir='ltr'>xxxvj.</span> <span class='ocrx_word' id='word_1_15' title='bbox 1331 541 1367 581; x_wconf 89' lang='lat' dir='ltr'>li.</span> <span class='ocrx_word' id='word_1_16' title='bbox 1394 541 1488 594; x_wconf 83' lang='lat' dir='ltr'>xijs.</span> <span class='ocrx_word' id='word_1_17' title='bbox 1514 541 1614 594; x_wconf 90' lang='lat' dir='ltr'>iiijd.</span> <span class='ocrx_word' id='word_1_18' title='bbox 1639 540 1704 581; x_wconf 93' lang='lat' dir='ltr'>ob.</span> <span class='ocrx_word' id='word_1_19' title='bbox 1736 554 1814 593; x_wconf 88' lang='lat' dir='ltr'>pro</span> <span class='ocrx_word' id='word_1_20' title='bbox 1841 540 2020 580; x_wconf 79' lang='lat' dir='ltr'>diversis</span> 
     </span>
     <span class='ocr_line' id='line_1_3' title="bbox 298 615 2019 672; baseline -0.003 -13"><span class='ocrx_word' id='word_1_21' title='bbox 298 619 643 672; x_wconf 73' lang='lat' dir='ltr'>reparationibus</span> <span class='ocrx_word' id='word_1_22' title='bbox 666 625 708 659; x_wconf 95' lang='lat' dir='ltr'>et</span> <span class='ocrx_word' id='word_1_23' title='bbox 730 618 947 671; x_wconf 77' lang='lat' dir='ltr'>expensis,</span> <span class='ocrx_word' id='word_1_24' title='bbox 970 623 1017 657; x_wconf 89' lang='lat' dir='ltr'>ut</span> <span class='ocrx_word' id='word_1_25' title='bbox 1040 623 1161 670; x_wconf 89' lang='lat' dir='ltr'>patet</span> <span class='ocrx_word' id='word_1_26' title='bbox 1184 630 1259 669; x_wconf 90' lang='lat' dir='ltr'>per</span> <span class='ocrx_word' id='word_1_27' title='bbox 1281 616 1454 656; x_wconf 89' lang='lat' dir='ltr'>billamI</span> <span class='ocrx_word' id='word_1_28' title='bbox 1478 629 1606 668; x_wconf 89' lang='lat' dir='ltr'>super</span> <span class='ocrx_word' id='word_1_29' title='bbox 1627 615 1742 655; x_wconf 89' lang='lat' dir='ltr'>hunc</span> <span class='ocrx_word' id='word_1_30' title='bbox 1766 620 2019 667; x_wconf 86' lang='lat' dir='ltr'>compotum</span> 
     </span>
     <span class='ocr_line' id='line_1_4' title="bbox 300 688 2022 742; baseline -0.005 -8"><span class='ocrx_word' id='word_1_31' title='bbox 300 699 588 734; x_wconf 77' lang='lat' dir='ltr'>monstratam</span> <span class='ocrx_word' id='word_1_32' title='bbox 619 699 661 733; x_wconf 92' lang='lat' dir='ltr'>et</span> <span class='ocrx_word' id='word_1_33' title='bbox 689 692 1012 740; x_wconf 79' lang='lat' dir='ltr'>examinatam;</span> <span class='ocrx_word' id='word_1_34' title='bbox 1045 697 1088 730; x_wconf 91' lang='lat' dir='ltr'>et</span> <span class='ocrx_word' id='word_1_35' title='bbox 1110 691 1164 730; x_wconf 94' lang='lat' dir='ltr'>de</span> <span class='ocrx_word' id='word_1_36' title='bbox 1187 690 1245 742; x_wconf 78' lang='lat' dir='ltr'>xj.</span> <span class='ocrx_word' id='word_1_37' title='bbox 1264 690 1300 729; x_wconf 89' lang='lat' dir='ltr'>li.</span> <span class='ocrx_word' id='word_1_38' title='bbox 1326 689 1417 741; x_wconf 87' lang='lat' dir='ltr'>iiijs.</span> <span class='ocrx_word' id='word_1_39' title='bbox 1443 690 1514 729; x_wconf 75' lang='lat' dir='ltr'>xd.</span> <span class='ocrx_word' id='word_1_40' title='bbox 1539 689 1618 737; x_wconf 89' lang='lat' dir='ltr'>ob.,</span> <span class='ocrx_word' id='word_1_41' title='bbox 1641 702 1751 741; x_wconf 90' lang='lat' dir='ltr'>quos</span> <span class='ocrx_word' id='word_1_42' title='bbox 1777 688 2022 727; x_wconf 87' lang='lat' dir='ltr'>habuerunt</span> 
     </span>
     <span class='ocr_line' id='line_1_5' title="bbox 298 761 2023 820; baseline -0.003 -13"><span class='ocrx_word' id='word_1_43' title='bbox 298 767 340 806; x_wconf 88' lang='lat' dir='ltr'>in</span> <span class='ocrx_word' id='word_1_44' title='bbox 364 766 729 820; x_wconf 78' lang='lat' dir='ltr'>superplusagiis2</span> <span class='ocrx_word' id='word_1_45' title='bbox 747 766 800 806; x_wconf 91' lang='lat' dir='ltr'>ad</span> <span class='ocrx_word' id='word_1_46' title='bbox 818 765 1020 805; x_wconf 89' lang='lat' dir='ltr'>ultimum</span> <span class='ocrx_word' id='word_1_47' title='bbox 1045 770 1300 817; x_wconf 88' lang='lat' dir='ltr'>compotum</span> <span class='ocrx_word' id='word_1_48' title='bbox 1325 777 1472 813; x_wconf 87' lang='lat' dir='ltr'>suum;</span> <span class='ocrx_word' id='word_1_49' title='bbox 1496 763 1609 803; x_wconf 89' lang='lat' dir='ltr'>etde</span> <span class='ocrx_word' id='word_1_50' title='bbox 1633 762 1739 803; x_wconf 81' lang='lat' dir='ltr'>xxd.</span> <span class='ocrx_word' id='word_1_51' title='bbox 1761 776 1838 815; x_wconf 89' lang='lat' dir='ltr'>pro</span> <span class='ocrx_word' id='word_1_52' title='bbox 1857 761 2023 802; x_wconf 84' lang='lat' dir='ltr'>factura</span> 
     </span>
     <span class='ocr_line' id='line_1_6' title="bbox 299 842 503 894; baseline 0 -13"><span class='ocrx_word' id='word_1_53' title='bbox 299 842 503 894; x_wconf 89' lang='lat' dir='ltr'>compoti.</span> 
     </span>
    </p>

    <p class='ocr_par' dir='ltr' id='par_1_3' title="bbox 387 910 1972 964">
     <span class='ocr_line' id='line_1_7' title="bbox 387 910 1972 964; baseline -0.004 -9"><span class='ocrx_word' id='word_1_54' title='bbox 387 916 571 956; x_wconf 85' lang='lat' dir='ltr'>Summa</span> <span class='ocrx_word' id='word_1_55' title='bbox 593 914 789 954; x_wconf 87' lang='lat' dir='ltr'>omnium</span> <span class='ocrx_word' id='word_1_56' title='bbox 813 912 1079 953; x_wconf 84' lang='lat' dir='ltr'>solutionum</span> <span class='ocrx_word' id='word_1_57' title='bbox 1104 918 1146 952; x_wconf 91' lang='lat' dir='ltr'>et</span> <span class='ocrx_word' id='word_1_58' title='bbox 1172 925 1487 964; x_wconf 78' lang='lat' dir='ltr'>expensarum:</span> <span class='ocrx_word' id='word_1_59' title='bbox 1520 911 1638 963; x_wconf 76' lang='lat' dir='ltr'>xlvij.</span> <span class='ocrx_word' id='word_1_60' title='bbox 1656 910 1693 950; x_wconf 93' lang='lat' dir='ltr'>li.</span> <span class='ocrx_word' id='word_1_61' title='bbox 1719 910 1858 963; x_wconf 75' lang='lat' dir='ltr'>xviijs.</span> <span class='ocrx_word' id='word_1_62' title='bbox 1883 910 1972 963; x_wconf 78' lang='lat' dir='ltr'>xjd.</span> 
     </span>
    </p>

    <p class='ocr_par' dir='ltr' id='par_1_4' title="bbox 301 983 2022 1115">
     <span class='ocr_line' id='line_1_8' title="bbox 388 983 2022 1041; baseline -0.003 -13"><span class='ocrx_word' id='word_1_63' title='bbox 388 989 446 1028; x_wconf 88' lang='lat' dir='ltr'>Et</span> <span class='ocrx_word' id='word_1_64' title='bbox 487 989 546 1028; x_wconf 90' lang='lat' dir='ltr'>sic</span> <span class='ocrx_word' id='word_1_65' title='bbox 588 988 797 1041; x_wconf 79' lang='lat' dir='ltr'>praedicti</span> <span class='ocrx_word' id='word_1_66' title='bbox 840 993 1166 1040; x_wconf 87' lang='lat' dir='ltr'>computatores</span> <span class='ocrx_word' id='word_1_67' title='bbox 1208 986 1372 1026; x_wconf 87' lang='lat' dir='ltr'>habent</span> <span class='ocrx_word' id='word_1_68' title='bbox 1414 986 1455 1025; x_wconf 89' lang='lat' dir='ltr'>in</span> <span class='ocrx_word' id='word_1_69' title='bbox 1499 985 1854 1038; x_wconf 78' lang='lat' dir='ltr'>superplesagiis:</span> <span class='ocrx_word' id='word_1_70' title='bbox 1906 984 1959 1037; x_wconf 88' lang='lat' dir='ltr'>vj.</span> <span class='ocrx_word' id='word_1_71' title='bbox 1984 983 2022 1023; x_wconf 92' lang='lat' dir='ltr'>li.</span> 
     </span>
     <span class='ocr_line' id='line_1_9' title="bbox 301 1062 2022 1115; baseline -0.003 -13"><span class='ocrx_word' id='word_1_72' title='bbox 301 1062 426 1115; x_wconf 80' lang='lat' dir='ltr'>xvijs.</span> <span class='ocrx_word' id='word_1_73' title='bbox 451 1062 566 1115; x_wconf 89' lang='lat' dir='ltr'>viijd.</span> <span class='ocrx_word' id='word_1_74' title='bbox 1906 1068 2022 1108; x_wconf 84' lang='lat'>1902.</span> 
     </span>
    </p>
   </div>
   <div class='ocr_carea' id='block_1_3' title="bbox 710 1224 1614 1384">
    <p class='ocr_par' dir='ltr' id='par_1_5' title="bbox 710 1224 1614 1384">
     <span class='ocr_line' id='line_1_10' title="bbox 710 1224 1614 1277; baseline -0.003 -9"><span class='ocrx_word' id='word_1_75' title='bbox 710 1225 1075 1268; x_wconf 67' lang='lat' dir='ltr'>CIV—Charlcr</span> <span class='ocrx_word' id='word_1_76' title='bbox 1092 1225 1146 1276; x_wconf 80' lang='lat' dir='ltr'>of</span> <span class='ocrx_word' id='word_1_77' title='bbox 1167 1224 1296 1277; x_wconf 71' lang='lat' dir='ltr'>King</span> <span class='ocrx_word' id='word_1_78' title='bbox 1313 1224 1517 1264; x_wconf 69' lang='lat' dir='ltr'>Edwarcl</span> <span class='ocrx_word' id='word_1_79' title='bbox 1533 1224 1562 1264; x_wconf 88' lang='lat' dir='ltr'><em>l</em></span> <span class='ocrx_word' id='word_1_80' title='bbox 1572 1224 1614 1265; x_wconf 79' lang='lat' dir='ltr'>V.</span> 
     </span>
     <span class='ocr_line' id='line_1_11' title="bbox 1013 1332 1318 1384; baseline -0.003 -13"><span class='ocrx_word' id='word_1_81' title='bbox 1013 1332 1129 1382; x_wconf 74' lang='lat'>1462,</span> <span class='ocrx_word' id='word_1_82' title='bbox 1154 1332 1261 1384; x_wconf 83' lang='lat' dir='ltr'>May</span> <span class='ocrx_word' id='word_1_83' title='bbox 1290 1343 1318 1370; x_wconf 87' lang='lat'>1.</span> 
     </span>
    </p>
   </div>
   <div class='ocr_carea' id='block_1_4' title="bbox 301 1437 2032 3270">
    <p class='ocr_par' dir='ltr' id='par_1_6' title="bbox 301 1437 2032 1715">
     <span class='ocr_line' id='line_1_12' title="bbox 388 1437 2024 1491; baseline -0.003 -10"><span class='ocrx_word' id='word_1_84' title='bbox 388 1441 488 1481; x_wconf 80' lang='lat' dir='ltr'>Rex</span> <span class='ocrx_word' id='word_1_85' title='bbox 511 1440 724 1488; x_wconf 88' lang='lat' dir='ltr'>omnibus,</span> <span class='ocrx_word' id='word_1_86' title='bbox 749 1439 803 1479; x_wconf 87' lang='lat' dir='ltr'>ad</span> <span class='ocrx_word' id='word_1_87' title='bbox 827 1452 946 1491; x_wconf 84' lang='lat' dir='ltr'>quos,</span> <span class='ocrx_word' id='word_1_88' title='bbox 970 1445 1060 1487; x_wconf 75' lang='lat' dir='ltr'>ete,</span> <span class='ocrx_word' id='word_1_89' title='bbox 1084 1437 1279 1478; x_wconf 84' lang='lat' dir='ltr'>salutem.</span> <span class='ocrx_word' id='word_1_90' title='bbox 1330 1438 1612 1490; x_wconf 73' lang='lat' dir='ltr'>Inspeximus</span> <span class='ocrx_word' id='word_1_91' title='bbox 1636 1437 1800 1477; x_wconf 79' lang='lat' dir='ltr'>litteras</span> <span class='ocrx_word' id='word_1_92' title='bbox 1823 1443 2024 1490; x_wconf 83' lang='lat' dir='ltr'>patentes</span> 
     </span>
     <span class='ocr_line' id='line_1_13' title="bbox 302 1511 2022 1565; baseline -0.001 -11"><span class='ocrx_word' id='word_1_93' title='bbox 302 1515 480 1554; x_wconf 85' lang='lat' dir='ltr'>Henrici</span> <span class='ocrx_word' id='word_1_94' title='bbox 518 1514 656 1562; x_wconf 75' lang='lat' dir='ltr'>Sexti,</span> <span class='ocrx_word' id='word_1_95' title='bbox 680 1526 817 1565; x_wconf 89' lang='lat' dir='ltr'>nuper</span> <span class='ocrx_word' id='word_1_96' title='bbox 850 1513 904 1552; x_wconf 89' lang='lat' dir='ltr'>de</span> <span class='ocrx_word' id='word_1_97' title='bbox 934 1511 1049 1552; x_wconf 88' lang='lat' dir='ltr'>facto</span> <span class='ocrx_word' id='word_1_98' title='bbox 1084 1518 1126 1552; x_wconf 89' lang='lat' dir='ltr'>et</span> <span class='ocrx_word' id='word_1_99' title='bbox 1160 1525 1246 1551; x_wconf 88' lang='lat' dir='ltr'>non</span> <span class='ocrx_word' id='word_1_100' title='bbox 1283 1512 1337 1552; x_wconf 87' lang='lat' dir='ltr'>de</span> <span class='ocrx_word' id='word_1_101' title='bbox 1368 1512 1463 1564; x_wconf 81' lang='lat' dir='ltr'>jure</span> <span class='ocrx_word' id='word_1_102' title='bbox 1496 1512 1628 1564; x_wconf 79' lang='lat' dir='ltr'>Regis</span> <span class='ocrx_word' id='word_1_103' title='bbox 1661 1511 1861 1564; x_wconf 71' lang='lat' dir='ltr'>Angliae,</span> <span class='ocrx_word' id='word_1_104' title='bbox 1886 1511 2022 1552; x_wconf 83' lang='lat' dir='ltr'>factas</span> 
     </span>
     <span class='ocr_line' id='line_1_14' title="bbox 301 1586 2032 1639; baseline -0.002 -10"><span class='ocrx_word' id='word_1_105' title='bbox 301 1590 343 1629; x_wconf 89' lang='lat' dir='ltr'>in</span> <span class='ocrx_word' id='word_1_106' title='bbox 376 1588 482 1628; x_wconf 91' lang='lat' dir='ltr'>haec</span> <span class='ocrx_word' id='word_1_107' title='bbox 510 1588 661 1628; x_wconf 81' lang='lat' dir='ltr'>verba:</span> <span class='ocrx_word' id='word_1_108' title='bbox 694 1587 945 1635; x_wconf 68' lang='lat' dir='ltr'>‘Hem-icus,</span> <span class='ocrx_word' id='word_1_109' title='bbox 981 1586 1063 1626; x_wconf 89' lang='lat' dir='ltr'>Dei</span> <span class='ocrx_word' id='word_1_110' title='bbox 1096 1587 1257 1638; x_wconf 75' lang='lat' dir='ltr'>gratia’</span> <span class='ocrx_word' id='word_1_111' title='bbox 1282 1586 1377 1638; x_wconf 69' lang='lat' dir='ltr'>[etc.,</span> <span class='ocrx_word' id='word_1_112' title='bbox 1403 1586 1585 1639; x_wconf 70' lang='lat' dir='ltr'>rccililzg</span> <span class='ocrx_word' id='word_1_113' title='bbox 1616 1586 1798 1627; x_wconf 55' lang='lat' dir='ltr'>Charta»</span> <span class='ocrx_word' id='word_1_114' title='bbox 1826 1586 1880 1638; x_wconf 77' lang='lat' dir='ltr'>of</span> <span class='ocrx_word' id='word_1_115' title='bbox 1902 1586 2032 1639; x_wconf 74' lang='lat' dir='ltr'>King</span> 
     </span>
     <span class='ocr_line' id='line_1_15' title="bbox 301 1660 1437 1715; baseline -0.003 -12"><span class='ocrx_word' id='word_1_116' title='bbox 301 1663 453 1715; x_wconf 72' lang='lat' dir='ltr'>Hemy</span> <span class='ocrx_word' id='word_1_117' title='bbox 487 1662 568 1711; x_wconf 66' lang='lat' dir='ltr'>VJ„</span> <span class='ocrx_word' id='word_1_118' title='bbox 591 1662 671 1701; x_wconf 78' lang='lat' dir='ltr'>No.</span> <span class='ocrx_word' id='word_1_119' title='bbox 695 1661 787 1703; x_wconf 78' lang='lat' dir='ltr'>XC</span> <span class='ocrx_word' id='word_1_120' title='bbox 797 1661 837 1701; x_wconf 83' lang='lat' dir='ltr'><em>V</em></span> <span class='ocrx_word' id='word_1_121' title='bbox 834 1661 878 1709; x_wconf 87' lang='lat' dir='ltr'>l.‚</span> <span class='ocrx_word' id='word_1_122' title='bbox 892 1668 933 1713; x_wconf 79' lang='lat' dir='ltr'>p.</span> <span class='ocrx_word' id='word_1_123' title='bbox 964 1661 1042 1700; x_wconf 83' lang='lat'>186</span> <span class='ocrx_word' id='word_1_124' title='bbox 1063 1661 1117 1712; x_wconf 79' lang='lat' dir='ltr'>of</span> <span class='ocrx_word' id='word_1_125' title='bbox 1139 1660 1224 1700; x_wconf 61' lang='lat' dir='ltr'>{lais</span> <span class='ocrx_word' id='word_1_126' title='bbox 1246 1660 1437 1713; x_wconf 65' lang='lat' dir='ltr'>volume]</span> 
     </span>
    </p>

    <p class='ocr_par' dir='ltr' id='par_1_7' title="bbox 301 1734 2030 3036">
     <span class='ocr_line' id='line_1_16' title="bbox 387 1734 2022 1788; baseline -0.002 -11"><span class='ocrx_word' id='word_1_127' title='bbox 387 1737 481 1777; x_wconf 89' lang='lat' dir='ltr'>Nos</span> <span class='ocrx_word' id='word_1_128' title='bbox 523 1743 680 1785; x_wconf 90' lang='lat' dir='ltr'>autem,</span> <span class='ocrx_word' id='word_1_129' title='bbox 718 1735 867 1775; x_wconf 87' lang='lat' dir='ltr'>omnia</span> <span class='ocrx_word' id='word_1_130' title='bbox 907 1741 949 1775; x_wconf 89' lang='lat' dir='ltr'>et</span> <span class='ocrx_word' id='word_1_131' title='bbox 991 1734 1162 1787; x_wconf 81' lang='lat' dir='ltr'>singula</span> <span class='ocrx_word' id='word_1_132' title='bbox 1204 1734 1479 1784; x_wconf 86' lang='lat' dir='ltr'>franchesias,</span> <span class='ocrx_word' id='word_1_133' title='bbox 1518 1734 1749 1785; x_wconf 76' lang='lat' dir='ltr'>libertates,</span> <span class='ocrx_word' id='word_1_134' title='bbox 1786 1734 2022 1788; x_wconf 81' lang='lat' dir='ltr'>privilegia,</span> 
     </span>
     <span class='ocr_line' id='line_1_17' title="bbox 301 1808 2024 1864; baseline -0.001 -13"><span class='ocrx_word' id='word_1_135' title='bbox 301 1811 575 1864; x_wconf 87' lang='lat' dir='ltr'>quietantias,</span> <span class='ocrx_word' id='word_1_136' title='bbox 598 1810 908 1858; x_wconf 87' lang='lat' dir='ltr'>immunitates,</span> <span class='ocrx_word' id='word_1_137' title='bbox 935 1809 1248 1859; x_wconf 85' lang='lat' dir='ltr'>concessiones,</span> <span class='ocrx_word' id='word_1_138' title='bbox 1272 1808 1626 1850; x_wconf 82' lang='lat' dir='ltr'>confirmationes</span> <span class='ocrx_word' id='word_1_139' title='bbox 1655 1815 1698 1850; x_wconf 90' lang='lat' dir='ltr'>et</span> <span class='ocrx_word' id='word_1_140' title='bbox 1728 1809 2024 1849; x_wconf 76' lang='lat' dir='ltr'>restitutiones</span> 
     </span>
     <span class='ocr_line' id='line_1_18' title="bbox 301 1883 2024 1939; baseline -0.001 -14"><span class='ocrx_word' id='word_1_141' title='bbox 301 1885 524 1939; x_wconf 86' lang='lat' dir='ltr'>praedicta</span> <span class='ocrx_word' id='word_1_142' title='bbox 552 1891 646 1925; x_wconf 86' lang='lat' dir='ltr'>rata</span> <span class='ocrx_word' id='word_1_143' title='bbox 674 1884 885 1924; x_wconf 76' lang='lat' dir='ltr'>habentes</span> <span class='ocrx_word' id='word_1_144' title='bbox 915 1890 957 1923; x_wconf 92' lang='lat' dir='ltr'>et</span> <span class='ocrx_word' id='word_1_145' title='bbox 987 1890 1121 1936; x_wconf 78' lang='lat' dir='ltr'>grata,</span> <span class='ocrx_word' id='word_1_146' title='bbox 1145 1897 1205 1933; x_wconf 89' lang='lat' dir='ltr'>ea,</span> <span class='ocrx_word' id='word_1_147' title='bbox 1229 1897 1307 1936; x_wconf 88' lang='lat' dir='ltr'>pro</span> <span class='ocrx_word' id='word_1_148' title='bbox 1334 1884 1469 1932; x_wconf 89' lang='lat' dir='ltr'>nobis,</span> <span class='ocrx_word' id='word_1_149' title='bbox 1502 1883 1733 1924; x_wconf 86' lang='lat' dir='ltr'>heredibus</span> <span class='ocrx_word' id='word_1_150' title='bbox 1762 1890 1804 1924; x_wconf 92' lang='lat' dir='ltr'>et</span> <span class='ocrx_word' id='word_1_151' title='bbox 1834 1897 2024 1924; x_wconf 88' lang='lat' dir='ltr'>success-</span> 
     </span>
     <span class='ocr_line' id='line_1_19' title="bbox 301 1957 2025 2012; baseline -0.001 -12"><span class='ocrx_word' id='word_1_152' title='bbox 301 1961 446 2000; x_wconf 89' lang='lat' dir='ltr'>oribus</span> <span class='ocrx_word' id='word_1_153' title='bbox 481 1960 650 2008; x_wconf 89' lang='lat' dir='ltr'>nostris,</span> <span class='ocrx_word' id='word_1_154' title='bbox 685 1965 898 2012; x_wconf 83' lang='lat' dir='ltr'>quantum</span> <span class='ocrx_word' id='word_1_155' title='bbox 935 1958 976 1997; x_wconf 91' lang='lat' dir='ltr'>in</span> <span class='ocrx_word' id='word_1_156' title='bbox 1013 1957 1137 1998; x_wconf 89' lang='lat' dir='ltr'>nobis</span> <span class='ocrx_word' id='word_1_157' title='bbox 1176 1964 1251 2007; x_wconf 89' lang='lat' dir='ltr'>est,</span> <span class='ocrx_word' id='word_1_158' title='bbox 1290 1964 1580 2010; x_wconf 55' lang='lat' dir='ltr'>acceptamus</span> <span class='ocrx_word' id='word_1_159' title='bbox 1614 1958 1910 2010; x_wconf 83' lang='lat' dir='ltr'>approbamus</span> <span class='ocrx_word' id='word_1_160' title='bbox 1946 1957 2025 2011; x_wconf 89' lang='lat' dir='ltr'>[et]</span> 
     </span>
     <span class='ocr_line' id='line_1_20' title="bbox 304 2031 2024 2085; baseline -0.001 -11"><span class='ocrx_word' id='word_1_161' title='bbox 304 2033 578 2083; x_wconf 85' lang='lat' dir='ltr'>ratificamus,</span> <span class='ocrx_word' id='word_1_162' title='bbox 617 2047 666 2073; x_wconf 91' lang='lat' dir='ltr'>ac</span> <span class='ocrx_word' id='word_1_163' title='bbox 708 2033 857 2073; x_wconf 86' lang='lat' dir='ltr'>omnia</span> <span class='ocrx_word' id='word_1_164' title='bbox 897 2039 940 2072; x_wconf 90' lang='lat' dir='ltr'>et</span> <span class='ocrx_word' id='word_1_165' title='bbox 982 2032 1153 2085; x_wconf 77' lang='lat' dir='ltr'>singula</span> <span class='ocrx_word' id='word_1_166' title='bbox 1195 2031 1469 2079; x_wconf 84' lang='lat' dir='ltr'>franchesias,</span> <span class='ocrx_word' id='word_1_167' title='bbox 1514 2032 1746 2081; x_wconf 83' lang='lat' dir='ltr'>libertates,</span> <span class='ocrx_word' id='word_1_168' title='bbox 1788 2032 2024 2085; x_wconf 77' lang='lat' dir='ltr'>privilegia,</span> 
     </span>
     <span class='ocr_line' id='line_1_21' title="bbox 304 2105 2028 2162; baseline -0.002 -13"><span class='ocrx_word' id='word_1_169' title='bbox 304 2109 567 2162; x_wconf 88' lang='lat' dir='ltr'>quietantias</span> <span class='ocrx_word' id='word_1_170' title='bbox 605 2107 683 2161; x_wconf 91' lang='lat' dir='ltr'>[et]</span> <span class='ocrx_word' id='word_1_171' title='bbox 726 2107 1025 2147; x_wconf 83' lang='lat' dir='ltr'>immunitates</span> <span class='ocrx_word' id='word_1_172' title='bbox 1068 2106 1290 2159; x_wconf 87' lang='lat' dir='ltr'>praedicta</span> <span class='ocrx_word' id='word_1_173' title='bbox 1331 2105 1500 2146; x_wconf 89' lang='lat' dir='ltr'>dilectis</span> <span class='ocrx_word' id='word_1_174' title='bbox 1542 2106 1667 2146; x_wconf 86' lang='lat' dir='ltr'>nobis</span> <span class='ocrx_word' id='word_1_175' title='bbox 1705 2120 1819 2146; x_wconf 89' lang='lat' dir='ltr'>nunc</span> <span class='ocrx_word' id='word_1_176' title='bbox 1857 2106 2028 2159; x_wconf 88' lang='lat' dir='ltr'>Majori,</span> 
     </span>
     <span class='ocr_line' id='line_1_22' title="bbox 303 2179 2027 2234; baseline -0.002 -11"><span class='ocrx_word' id='word_1_177' title='bbox 303 2182 647 2224; x_wconf 86' lang='lat' dir='ltr'>Vicecomitibus</span> <span class='ocrx_word' id='word_1_178' title='bbox 671 2188 713 2221; x_wconf 89' lang='lat' dir='ltr'>et</span> <span class='ocrx_word' id='word_1_179' title='bbox 738 2180 1032 2234; x_wconf 79' lang='lat' dir='ltr'>Burgensibus</span> <span class='ocrx_word' id='word_1_180' title='bbox 1050 2180 1177 2220; x_wconf 78' lang='lat' dir='ltr'>villae</span> <span class='ocrx_word' id='word_1_181' title='bbox 1200 2180 1458 2232; x_wconf 80' lang='lat' dir='ltr'>praedictae,</span> <span class='ocrx_word' id='word_1_182' title='bbox 1476 2193 1524 2219; x_wconf 91' lang='lat' dir='ltr'>ac</span> <span class='ocrx_word' id='word_1_183' title='bbox 1548 2179 1707 2232; x_wconf 85' lang='lat' dir='ltr'>Majori</span> <span class='ocrx_word' id='word_1_184' title='bbox 1730 2187 1773 2220; x_wconf 89' lang='lat' dir='ltr'>et</span> <span class='ocrx_word' id='word_1_185' title='bbox 1796 2179 2027 2233; x_wconf 79' lang='lat' dir='ltr'>Burgensi-</span> 
     </span>
     <span class='ocr_line' id='line_1_23' title="bbox 304 2253 2028 2310; baseline -0.002 -12"><span class='ocrx_word' id='word_1_186' title='bbox 304 2258 384 2298; x_wconf 88' lang='lat' dir='ltr'>bus</span> <span class='ocrx_word' id='word_1_187' title='bbox 407 2257 603 2310; x_wconf 88' lang='lat' dir='ltr'>ejusdem</span> <span class='ocrx_word' id='word_1_188' title='bbox 626 2255 762 2304; x_wconf 78' lang='lat' dir='ltr'>villae,</span> <span class='ocrx_word' id='word_1_189' title='bbox 781 2255 1012 2295; x_wconf 85' lang='lat' dir='ltr'>heredibus</span> <span class='ocrx_word' id='word_1_190' title='bbox 1035 2260 1078 2295; x_wconf 93' lang='lat' dir='ltr'>et</span> <span class='ocrx_word' id='word_1_191' title='bbox 1100 2253 1419 2294; x_wconf 87' lang='lat' dir='ltr'>successoribus</span> <span class='ocrx_word' id='word_1_192' title='bbox 1442 2254 1540 2303; x_wconf 77' lang='lat' dir='ltr'>suis,</span> <span class='ocrx_word' id='word_1_193' title='bbox 1560 2260 1710 2294; x_wconf 88' lang='lat' dir='ltr'>tenore</span> <span class='ocrx_word' id='word_1_194' title='bbox 1732 2255 2028 2306; x_wconf 85' lang='lat' dir='ltr'>praesentium</span> 
     </span>
     <span class='ocr_line' id='line_1_24' title="bbox 305 2327 2030 2381; baseline -0.003 -9"><span class='ocrx_word' id='word_1_195' title='bbox 305 2332 585 2372; x_wconf 88' lang='lat' dir='ltr'>concedimus</span> <span class='ocrx_word' id='word_1_196' title='bbox 633 2337 676 2370; x_wconf 87' lang='lat' dir='ltr'>et</span> <span class='ocrx_word' id='word_1_197' title='bbox 718 2328 1038 2377; x_wconf 80' lang='lat' dir='ltr'>confirmamus,</span> <span class='ocrx_word' id='word_1_198' title='bbox 1081 2329 1191 2368; x_wconf 86' lang='lat' dir='ltr'>sicut</span> <span class='ocrx_word' id='word_1_199' title='bbox 1233 2335 1378 2368; x_wconf 88' lang='lat' dir='ltr'>cartae</span> <span class='ocrx_word' id='word_1_200' title='bbox 1423 2328 1672 2381; x_wconf 84' lang='lat' dir='ltr'>praedictae</span> <span class='ocrx_word' id='word_1_201' title='bbox 1714 2327 2030 2368; x_wconf 87' lang='lat' dir='ltr'>rationabiliter</span> 
     </span>
     <span class='ocr_line' id='line_1_25' title="bbox 305 2402 2027 2457; baseline -0.003 -11"><span class='ocrx_word' id='word_1_202' title='bbox 305 2412 521 2446; x_wconf 87' lang='lat' dir='ltr'>testantur</span> <span class='ocrx_word' id='word_1_203' title='bbox 555 2411 598 2445; x_wconf 94' lang='lat' dir='ltr'>et</span> <span class='ocrx_word' id='word_1_204' title='bbox 627 2410 754 2457; x_wconf 91' lang='lat' dir='ltr'>prout</span> <span class='ocrx_word' id='word_1_205' title='bbox 792 2403 922 2443; x_wconf 89' lang='lat' dir='ltr'>iidem</span> <span class='ocrx_word' id='word_1_206' title='bbox 959 2402 1114 2455; x_wconf 83' lang='lat' dir='ltr'>Major,</span> <span class='ocrx_word' id='word_1_207' title='bbox 1149 2402 1442 2443; x_wconf 80' lang='lat' dir='ltr'>Vicecomites</span> <span class='ocrx_word' id='word_1_208' title='bbox 1476 2409 1518 2442; x_wconf 93' lang='lat' dir='ltr'>et</span> <span class='ocrx_word' id='word_1_209' title='bbox 1554 2403 1798 2455; x_wconf 79' lang='lat' dir='ltr'>Burgenses</span> <span class='ocrx_word' id='word_1_210' title='bbox 1832 2402 2027 2455; x_wconf 89' lang='lat' dir='ltr'>ejusdem</span> 
     </span>
     <span class='ocr_line' id='line_1_26' title="bbox 305 2475 2026 2531; baseline -0.003 -11"><span class='ocrx_word' id='word_1_211' title='bbox 305 2479 432 2520; x_wconf 81' lang='lat' dir='ltr'>villae</span> <span class='ocrx_word' id='word_1_212' title='bbox 465 2478 766 2531; x_wconf 76' lang='lat' dir='ltr'>Notyngham&#39;</span> <span class='ocrx_word' id='word_1_213' title='bbox 797 2476 862 2517; x_wconf 81' lang='lat' dir='ltr'>vel</span> <span class='ocrx_word' id='word_1_214' title='bbox 893 2477 1246 2529; x_wconf 87' lang='lat' dir='ltr'>praedecessores</span> <span class='ocrx_word' id='word_1_215' title='bbox 1279 2476 1354 2525; x_wconf 91' lang='lat' dir='ltr'>sui,</span> <span class='ocrx_word' id='word_1_216' title='bbox 1389 2476 1591 2529; x_wconf 77' lang='lat' dir='ltr'>MajoreS,</span> <span class='ocrx_word' id='word_1_217' title='bbox 1621 2476 1914 2516; x_wconf 83' lang='lat' dir='ltr'>Vicecomites</span> <span class='ocrx_word' id='word_1_218' title='bbox 1948 2475 2026 2529; x_wconf 88' lang='lat' dir='ltr'>[et]</span> 
     </span>
     <span class='ocr_line' id='line_1_27' title="bbox 307 2550 2030 2606; baseline -0.002 -13"><span class='ocrx_word' id='word_1_219' title='bbox 307 2554 551 2606; x_wconf 81' lang='lat' dir='ltr'>Burgenses</span> <span class='ocrx_word' id='word_1_220' title='bbox 585 2551 712 2592; x_wconf 88' lang='lat' dir='ltr'>villae</span> <span class='ocrx_word' id='word_1_221' title='bbox 745 2551 1004 2603; x_wconf 89' lang='lat' dir='ltr'>praedictae,</span> <span class='ocrx_word' id='word_1_222' title='bbox 1027 2556 1102 2590; x_wconf 88' lang='lat' dir='ltr'>aut</span> <span class='ocrx_word' id='word_1_223' title='bbox 1137 2550 1339 2603; x_wconf 86' lang='lat' dir='ltr'>Majores,</span> <span class='ocrx_word' id='word_1_224' title='bbox 1365 2550 1518 2590; x_wconf 76' lang='lat' dir='ltr'>Ballivi</span> <span class='ocrx_word' id='word_1_225' title='bbox 1551 2557 1594 2591; x_wconf 90' lang='lat' dir='ltr'>et</span> <span class='ocrx_word' id='word_1_226' title='bbox 1627 2551 1870 2603; x_wconf 77' lang='lat' dir='ltr'>Burgenses</span> <span class='ocrx_word' id='word_1_227' title='bbox 1903 2550 2030 2590; x_wconf 88' lang='lat' dir='ltr'>villae</span> 
     </span>
     <span class='ocr_line' id='line_1_28' title="bbox 306 2624 2028 2679; baseline -0.002 -12"><span class='ocrx_word' id='word_1_228' title='bbox 306 2627 428 2676; x_wconf 89' lang='lat' dir='ltr'>illius,</span> <span class='ocrx_word' id='word_1_229' title='bbox 463 2640 656 2679; x_wconf 87' lang='lat' dir='ltr'>unquam</span> <span class='ocrx_word' id='word_1_230' title='bbox 692 2625 954 2674; x_wconf 85' lang='lat' dir='ltr'>franchesiis,</span> <span class='ocrx_word' id='word_1_231' title='bbox 990 2624 1272 2674; x_wconf 89' lang='lat' dir='ltr'>libertatibus,</span> <span class='ocrx_word' id='word_1_232' title='bbox 1307 2624 1552 2678; x_wconf 79' lang='lat' dir='ltr'>privilegiis,</span> <span class='ocrx_word' id='word_1_233' title='bbox 1587 2625 1838 2678; x_wconf 88' lang='lat' dir='ltr'>quietantiis</span> <span class='ocrx_word' id='word_1_234' title='bbox 1873 2631 1916 2664; x_wconf 93' lang='lat' dir='ltr'>et</span> <span class='ocrx_word' id='word_1_235' title='bbox 1950 2625 2028 2664; x_wconf 90' lang='lat' dir='ltr'>im-</span> 
     </span>
     <span class='ocr_line' id='line_1_29' title="bbox 307 2698 2028 2753; baseline -0.003 -11"><span class='ocrx_word' id='word_1_236' title='bbox 307 2701 593 2742; x_wconf 89' lang='lat' dir='ltr'>munitatibus</span> <span class='ocrx_word' id='word_1_237' title='bbox 610 2699 842 2753; x_wconf 87' lang='lat' dir='ltr'>praedictis</span> <span class='ocrx_word' id='word_1_238' title='bbox 865 2699 926 2739; x_wconf 91' lang='lat' dir='ltr'>uti</span> <span class='ocrx_word' id='word_1_239' title='bbox 949 2705 991 2739; x_wconf 94' lang='lat' dir='ltr'>et</span> <span class='ocrx_word' id='word_1_240' title='bbox 1014 2699 1204 2751; x_wconf 77' lang='lat' dir='ltr'>gaudere</span> <span class='ocrx_word' id='word_1_241' title='bbox 1227 2698 1398 2748; x_wconf 88' lang='lat' dir='ltr'>debent,</span> <span class='ocrx_word' id='word_1_242' title='bbox 1417 2705 1653 2751; x_wconf 87' lang='lat' dir='ltr'>potuerunt</span> <span class='ocrx_word' id='word_1_243' title='bbox 1676 2712 1750 2738; x_wconf 94' lang='lat' dir='ltr'>seu</span> <span class='ocrx_word' id='word_1_244' title='bbox 1773 2698 2028 2747; x_wconf 86' lang='lat' dir='ltr'>debuerunt,</span> 
     </span>
     <span class='ocr_line' id='line_1_30' title="bbox 306 2772 2028 2828; baseline -0.002 -13"><span class='ocrx_word' id='word_1_245' title='bbox 306 2775 474 2828; x_wconf 86' lang='lat' dir='ltr'>ipsique</span> <span class='ocrx_word' id='word_1_246' title='bbox 515 2773 582 2814; x_wconf 85' lang='lat' dir='ltr'>vel</span> <span class='ocrx_word' id='word_1_247' title='bbox 624 2773 976 2826; x_wconf 86' lang='lat' dir='ltr'>praedecessores</span> <span class='ocrx_word' id='word_1_248' title='bbox 1025 2772 1089 2812; x_wconf 90' lang='lat' dir='ltr'>sui</span> <span class='ocrx_word' id='word_1_249' title='bbox 1139 2772 1401 2820; x_wconf 86' lang='lat' dir='ltr'>franchesiis,</span> <span class='ocrx_word' id='word_1_250' title='bbox 1450 2772 1733 2822; x_wconf 85' lang='lat' dir='ltr'>libertatibus,</span> <span class='ocrx_word' id='word_1_251' title='bbox 1782 2772 2028 2825; x_wconf 81' lang='lat' dir='ltr'>privilegiis,</span> 
     </span>
     <span class='ocr_line' id='line_1_31' title="bbox 306 2845 2029 2901; baseline -0.001 -13"><span class='ocrx_word' id='word_1_252' title='bbox 306 2848 557 2901; x_wconf 84' lang='lat' dir='ltr'>quietantiis</span> <span class='ocrx_word' id='word_1_253' title='bbox 592 2846 670 2899; x_wconf 88' lang='lat' dir='ltr'>[et]</span> <span class='ocrx_word' id='word_1_254' title='bbox 706 2845 1055 2886; x_wconf 88' lang='lat' dir='ltr'>immunitatibus</span> <span class='ocrx_word' id='word_1_255' title='bbox 1090 2846 1171 2885; x_wconf 86' lang='lat' dir='ltr'>illis</span> <span class='ocrx_word' id='word_1_256' title='bbox 1205 2859 1398 2899; x_wconf 88' lang='lat' dir='ltr'>unquam</span> <span class='ocrx_word' id='word_1_257' title='bbox 1433 2853 1532 2899; x_wconf 89' lang='lat' dir='ltr'>post</span> <span class='ocrx_word' id='word_1_258' title='bbox 1566 2846 1883 2886; x_wconf 87' lang='lat' dir='ltr'>confectionem</span> <span class='ocrx_word' id='word_1_259' title='bbox 1919 2853 2029 2887; x_wconf 90' lang='lat' dir='ltr'>cart-</span> 
     </span>
     <span class='ocr_line' id='line_1_32' title="bbox 307 2919 2029 2974; baseline 0 -12"><span class='ocrx_word' id='word_1_260' title='bbox 307 2936 428 2962; x_wconf 88' lang='lat' dir='ltr'>arum</span> <span class='ocrx_word' id='word_1_261' title='bbox 463 2921 783 2974; x_wconf 89' lang='lat' dir='ltr'>praedictarum</span> <span class='ocrx_word' id='word_1_262' title='bbox 817 2919 1131 2960; x_wconf 90' lang='lat' dir='ltr'>rationabiliter</span> <span class='ocrx_word' id='word_1_263' title='bbox 1161 2920 1221 2960; x_wconf 91' lang='lat' dir='ltr'>uti</span> <span class='ocrx_word' id='word_1_264' title='bbox 1251 2927 1294 2960; x_wconf 92' lang='lat' dir='ltr'>et</span> <span class='ocrx_word' id='word_1_265' title='bbox 1322 2921 1512 2973; x_wconf 77' lang='lat' dir='ltr'>gaudere</span> <span class='ocrx_word' id='word_1_266' title='bbox 1545 2927 1872 2971; x_wconf 78' lang='lat' dir='ltr'>consueverunt,</span> <span class='ocrx_word' id='word_1_267' title='bbox 1903 2927 2029 2974; x_wconf 89' lang='lat' dir='ltr'>potu-</span> 
     </span>
     <span class='ocr_line' id='line_1_33' title="bbox 307 2994 798 3036; baseline -0.008 0"><span class='ocrx_word' id='word_1_268' title='bbox 307 3003 433 3036; x_wconf 88' lang='lat' dir='ltr'>erunt</span> <span class='ocrx_word' id='word_1_269' title='bbox 455 2995 522 3036; x_wconf 83' lang='lat' dir='ltr'>vel</span> <span class='ocrx_word' id='word_1_270' title='bbox 545 2994 798 3035; x_wconf 90' lang='lat' dir='ltr'>debuerunt.</span> 
     </span>
    </p>

    <p class='ocr_par' dir='ltr' id='par_1_8' title="bbox 310 3067 2029 3196">
     <span class='ocr_line' id='line_1_34' title="bbox 398 3067 2029 3122; baseline 0 -13"><span class='ocrx_word' id='word_1_271' title='bbox 398 3070 448 3109; x_wconf 88' lang='lat' dir='ltr'>In</span> <span class='ocrx_word' id='word_1_272' title='bbox 486 3068 619 3121; x_wconf 88' lang='lat' dir='ltr'>cujus,</span> <span class='ocrx_word' id='word_1_273' title='bbox 657 3073 733 3107; x_wconf 88' lang='lat' dir='ltr'>etc.</span> <span class='ocrx_word' id='word_1_274' title='bbox 796 3067 929 3107; x_wconf 86' lang='lat' dir='ltr'>Teste</span> <span class='ocrx_word' id='word_1_275' title='bbox 969 3067 1101 3120; x_wconf 79' lang='lat' dir='ltr'>Rege,</span> <span class='ocrx_word' id='word_1_276' title='bbox 1139 3068 1255 3120; x_wconf 89' lang='lat' dir='ltr'>apud</span> <span class='ocrx_word' id='word_1_277' title='bbox 1293 3068 1744 3118; x_wconf 54' lang='lat' dir='ltr'>NsVestmonasterium,</span> <span class='ocrx_word' id='word_1_278' title='bbox 1783 3070 1924 3122; x_wconf 84' lang='lat' dir='ltr'>primo</span> <span class='ocrx_word' id='word_1_279' title='bbox 1960 3070 2029 3109; x_wconf 90' lang='lat' dir='ltr'>die</span> 
     </span>
     <span class='ocr_line' id='line_1_35' title="bbox 310 3142 2027 3196; baseline -0.001 -12"><span class='ocrx_word' id='word_1_280' title='bbox 310 3144 427 3184; x_wconf 77' lang='lat' dir='ltr'>Maii.</span> <span class='ocrx_word' id='word_1_281' title='bbox 1047 3142 1128 3182; x_wconf 84' lang='lat' dir='ltr'>Pro</span> <span class='ocrx_word' id='word_1_282' title='bbox 1150 3142 1319 3182; x_wconf 90' lang='lat' dir='ltr'>duabus</span> <span class='ocrx_word' id='word_1_283' title='bbox 1343 3143 1497 3182; x_wconf 87' lang='lat' dir='ltr'>marcis</span> <span class='ocrx_word' id='word_1_284' title='bbox 1520 3143 1672 3183; x_wconf 86' lang='lat' dir='ltr'>solutis</span> <span class='ocrx_word' id='word_1_285' title='bbox 1695 3143 1736 3182; x_wconf 88' lang='lat' dir='ltr'>in</span> <span class='ocrx_word' id='word_1_286' title='bbox 1763 3143 2027 3196; x_wconf 87' lang='lat' dir='ltr'>Hanaperio.</span> 
     </span>
    </p>

    <p class='ocr_par' dir='ltr' id='par_1_9' title="bbox 1008 3216 2026 3270">
     <span class='ocr_line' id='line_1_36' title="bbox 1008 3216 2026 3270; baseline 0.001 -15"><span class='ocrx_word' id='word_1_287' title='bbox 1008 3216 1104 3256; x_wconf 86' lang='lat' dir='ltr'>Rot.</span> <span class='ocrx_word' id='word_1_288' title='bbox 1131 3217 1232 3257; x_wconf 89' lang='lat' dir='ltr'>Litt.</span> <span class='ocrx_word' id='word_1_289' title='bbox 1259 3217 1360 3266; x_wconf 78' lang='lat' dir='ltr'>Pat,</span> <span class='ocrx_word' id='word_1_290' title='bbox 1386 3228 1407 3256; x_wconf 78' lang='lat'><em>2</em></span> <span class='ocrx_word' id='word_1_291' title='bbox 1434 3217 1512 3257; x_wconf 85' lang='lat' dir='ltr'>Ed.</span> <span class='ocrx_word' id='word_1_292' title='bbox 1540 3217 1626 3266; x_wconf 61' lang='lat' dir='ltr'>IV„</span> <span class='ocrx_word' id='word_1_293' title='bbox 1651 3231 1749 3270; x_wconf 89' lang='lat' dir='ltr'>pars</span> <span class='ocrx_word' id='word_1_294' title='bbox 1774 3218 1861 3266; x_wconf 63' lang='lat' dir='ltr'>IV„</span> <span class='ocrx_word' id='word_1_295' title='bbox 1886 3231 1937 3257; x_wconf 88' lang='lat' dir='ltr'>m.</span> <span class='ocrx_word' id='word_1_296' title='bbox 1968 3219 2026 3257; x_wconf 83' lang='lat'>18.</span> 
     </span>
    </p>
   </div>
   <div class='ocr_carea' id='block_1_5' title="bbox 915 3371 1421 3412">
    <p class='ocr_par' dir='ltr' id='par_1_10' title="bbox 915 3371 1421 3412">
     <span class='ocr_line' id='line_1_37' title="bbox 915 3371 1421 3412; baseline 0.002 -10"><span class='ocrx_word' id='word_1_297' title='bbox 915 3374 923 3388; x_wconf 87' lang='lat'><em>¹</em></span> <span class='ocrx_word' id='word_1_298' title='bbox 949 3371 1030 3402; x_wconf 81' lang='lat' dir='ltr'>This</span> <span class='ocrx_word' id='word_1_299' title='bbox 1046 3371 1105 3402; x_wconf 92' lang='lat' dir='ltr'>bill</span> <span class='ocrx_word' id='word_1_300' title='bbox 1122 3371 1147 3402; x_wconf 79' lang='lat' dir='ltr'>is</span> <span class='ocrx_word' id='word_1_301' title='bbox 1164 3376 1220 3403; x_wconf 82' lang='lat' dir='ltr'>not</span> <span class='ocrx_word' id='word_1_302' title='bbox 1238 3372 1421 3412; x_wconf 80' lang='lat' dir='ltr'>preserved.</span> 
     </span>
    </p>
   </div>
  </div>
 </body>
</html>
