2165 3835
279 387 331 425 62
547 393 765 425 RECORDS
797 392 858 424 OF
891 393 991 423 THE
1026 392 1260 424 BOROUGH
1294 393 1355 424 OF
1391 390 1738 423 NOTTINGHAM.
1875 380 2005 433 [1408

367 518 479 557 Item
503 516 665 566 dicunt,
688 517 806 569 quod
841 516 1105 556 Edmundus
1134 515 1343 568 XVhetley
1365 514 1466 555 fecit
1496 526 1668 554 murum
1698 526 1828 566 super
1849 511 2006 553 solium

279 605 513 631 commune
535 605 664 644 super
686 590 724 631 le
749 591 1055 643 Swynegrene.

367 666 480 705 Item
504 665 666 714 dicunt,
690 665 806 718 quod
839 664 1065 718 Johannes
1096 664 1245 717 Dyvet
1275 663 1391 716 capit
1421 662 1641 703 redditum
1664 661 1719 701 de
1748 673 1835 700 una
1857 660 2009 713 placea

279 745 375 780 tota
397 738 628 779 aedificata
651 740 704 779 ad
729 738 859 778 finem
883 739 937 778 de
960 738 1191 791 Gosegate.

368 813 481 853 Item
505 813 666 861 dicunt,
690 813 807 865 quod
840 812 1065 865 Johannes
1097 813 1263 854 Samon
1294 811 1515 853 obturavit
1538 811 1762 864 quandam
1791 809 2006 851 venellam

276 887 407 940 juxta
432 886 754 940 Penyfotelane.
1238 887 1245 893 “

368 962 481 1001 Item
516 961 678 1009 dicunt,
713 961 831 1013 quod
872 960 1090 1000 Henricus
1124 960 1258 1009 Clerc,
1291 961 1346 1001 de
1377 959 1600 1013 XVylloby,
1633 964 1819 1012 occupat
1851 958 2006 999 solium

279 1049 514 1076 commune
537 1035 590 1075 ad
616 1034 746 1075 finem
773 1035 922 1074 Pontis
945 1048 1044 1074 cum
1069 1035 1287 1074 meremio.

368 1111 481 1150 Item
505 1110 666 1158 dicunt,
690 1109 808 1162 quod
842 1108 1088 1149 W'illelmus
1123 1108 1355 1149 Brardmer
1386 1106 1532 1161 posuit
1566 1106 1717 1146 fimum
1751 1106 1793 1146 in
1827 1105 2008 1155 venella,

280 1197 392 1237 quae
414 1184 534 1224 ducit
557 1184 611 1224 de
636 1184 895 1224 pavimento
927 1217 933 1223 .
967 1216 973 1223 .
1007 1216 1014 1223 .

369 1258 481 1298 Item
515 1257 676 1307 dicunt,
699 1258 817 1311 quod
850 1257 1076 1310 Johannes
1111 1257 1355 1310 Bytheway
1377 1255 1477 1296 fecit
1509 1255 1808 1296 sterculinium
1843 1254 1884 1295 in
1921 1254 2010 1295 alta

279 1332 359 1382 via,
384 1332 425 1371 in
449 1338 764 1372 nocumentum
788 1331 1039 1371 vicinorum.

369 1406 482 1446 Item
519 1405 681 1454 dicunt,
719 1405 836 1458 quod
878 1405 1076 1458 Rogerus
1117 1404 1277 1445 Parker
1311 1404 1411 1446 fecit
1448 1418 1584 1445 unum
1620 1411 1805 1458 saztgfiytt
1840 1405 1882 1445 in
1920 1405 2010 1446 alta

280 1480 358 1520 via.

369 1554 482 1595 Item
515 1554 677 1603 dicunt,
711 1554 828 1607 quod
863 1553 1088 1607 Johannes
1125 1554 1330 1606 Langton
1366 1559 1552 1606 occupat
1587 1553 1721 1594 altam
1759 1553 1874 1594 viam
1909 1566 2008 1594 cum

282 1629 490 1669 meremio
509 1628 641 1681 juxta
665 1628 837 1668 Fratres
862 1629 1065 1668 Minores.

369 1703 482 1743 Item
506 1703 667 1752 dicunt,
691 1703 808 1756 quod
833 1702 1029 1743 Thomas
1055 1702 1156 1756 Key
1179 1701 1279 1742 fecit
1302 1701 1599 1742 sterculinium
1630 1701 1673 1741 in
1698 1700 1786 1742 alta
1807 1700 1877 1741 via
1906 1700 1948 1741 in
1972 1700 2011 1741 le

283 1776 588 1817 Brodmarche.

370 1852 482 1892 Item
525 1851 687 1900 dicunt,
722 1851 839 1904 quod
874 1850 1099 1903 Johannes
1136 1849 1360 1902 Plumptre
1398 1849 1498 1889 fecit
1532 1855 1706 1889 antrum
1742 1855 1784 1889 et
1827 1848 2008 1902 [posuit]

281 1925 475 1978 stipitem
511 1938 639 1978 super
673 1924 829 1965 solium
863 1938 1097 1965 commune
1131 1924 1353 1978 pertinens
1387 1923 1564 1976 placiae,
1595 1923 1636 1963 in
1670 1937 1757 1976 qua
1793 1923 2010 1964 Henricus

284 2000 600 2040 I'archemener
623 2005 780 2039 manet.

370 2074 483 2114 Item
506 2074 668 2123 dicunt,
692 2074 810 2126 quod
846 2074 1044 2127 Rogerus
1078 2072 1359 2126 Mokyngton
1391 2079 1456 2114 est
1485 2073 1730 2113 communis
1753 2072 2009 2126 hospitator,

281 2154 433 2188 contra
455 2147 669 2197 Assisam,
693 2148 867 2197 scilicet,
890 2148 1042 2199 dyscrs.

371 2222 483 2262 Item
507 2222 668 2270 dicunt,
692 2222 810 2274 quod
832 2221 1008 2274 Juliana
1032 2221 1177 2261 Broun
1208 2227 1273 2261 est
1303 2221 1548 2262 communis
1578 2221 1833 2274 hospitator,
1857 2228 2010 2263 contra

282 2296 494 2345 Assisam,
518 2296 691 2345 scilicet,
716 2295 947 2348 [hospitat]
971 2295 1161 2336 latrones
1183 2302 1226 2336 et
1250 2296 1505 2336 meretrices.

371 2371 483 2412 Item
507 2370 669 2418 dicunt,
693 2370 810 2422 quod
843 2369 1090 2410 XVillelmus
1122 2369 1326 2422 Baynton
1358 2369 1534 2410 intravit
1557 2369 1738 2409 domum
1767 2369 2009 2422 Johannae,

282 2445 432 2485 uxoris
466 2444 647 2485 Roberti
682 2444 869 2488 Selston.
902 2450 1141 2493 noctanter,
1175 2443 1337 2484 inlicite
1371 2450 1414 2484 et
1451 2450 1603 2484 contra
1637 2457 1790 2496 pacem
1828 2443 2008 2484 Domini

285 2518 428 2571 Regis.

371 2594 483 2633 Item
507 2592 668 2641 dicunt,
692 2592 809 2644 quod
845 2591 1064 2632 Robertus
1100 2591 1327 2640 Ledbeter,
1351 2591 1420 2631 hic
1453 2592 1569 2644 apud
1604 2591 1890 2644 Notingham‚
1913 2592 2009 2645 viijo

282 2667 353 2707 die
386 2665 668 2719 Septembris,
692 2678 808 2705 anno
841 2665 960 2718 regni
997 2665 1130 2717 Regis
1166 2665 1345 2705 Henrici
1368 2665 1473 2718 viij0‚
1498 2664 1663 2706 furatus
1692 2665 2010 2707 fuit-sotularia

283 2741 338 2781 de
354 2739 480 2780 bonis
503 2746 546 2779 et
568 2738 735 2779 catallis
761 2738 940 2779 Roberti
967 2739 1212 2791 Hayward:
1239 2739 1355 2779 unde
1373 2739 1514 2779 dictus
1540 2739 1758 2780 Robertus
1784 2740 2008 2793 Hayward

283 2814 445 2867 recepit
467 2813 584 2853 bona
612 2826 690 2852 sua
712 2819 825 2852 retro
855 2818 896 2853 et
919 2819 1036 2853 certa
1059 2826 1162 2853 vasa
1191 2813 1246 2853 de
1268 2819 1420 2866 peut-er
1445 2820 1624 2866 propter
1651 2815 2007 2855 emendationem

284 2888 396 2928 illius
419 2886 624 2927 defectus.

373 2962 486 3002 Item
521 2961 682 3009 dicunt,
711 2960 829 3012 quod
863 2959 1088 3012 Johannes
1125 2960 1350 3013 Dyghton‚
1380 2967 1534 3012 comper,
1564 2960 1633 2999 hic
1667 2961 1784 3013 apud
1820 2961 2008 3015 Noting-

285 3036 398 3084 ham,
423 3036 491 3075 1Χο
512 3034 582 3074 die
605 3033 765 3073 mensis
787 3033 917 3085 Junii,
941 3047 1056 3073 anno
1086 3034 1205 3086 regni
1238 3034 1371 3086 Regis
1404 3034 1583 3073 Henrici
1613 3034 1718 3087 viij0‚
1741 3035 1782 3074 vi
1813 3042 1855 3075 et
1878 3036 2008 3075 armis

286 3108 525 3161 asportavit
549 3108 692 3148 bordes
713 3114 755 3147 et
768 3102 901 3159 polles
931 3108 986 3147 de
1017 3121 1191 3147 camera
1221 3108 1401 3147 Domini
1434 3108 1568 3160 Regis
1598 3108 1640 3147 in
1673 3108 1786 3148 Foro
1811 3109 2008 3158 Sabbati,

285 3190 328 3223 et
350 3196 485 3222 unum
507 3181 663 3234 copard
679 3181 733 3221 de
755 3181 881 3220 bonis
903 3187 946 3221 et
969 3181 1136 3220 catallis
1159 3181 1360 3220 Thomae
1383 3181 1671 3233 Bythestrete.

375 3255 588 3295 Ricardus
619 3254 790 3294 Palmer
822 3254 863 3293 in
895 3254 1357 3294 misericordia—xxd.
1424 3254 1559 3307 Hugo
1583 3255 1745 3296 Skorer
1772 3255 1814 3295 in
1846 3256 2008 3296 miseri-

287 3328 610 3381 cordia—xijd.
692 3327 916 3381 Johannes
960 3328 1105 3382 Bylby
1146 3328 1187 3367 in
1232 3328 1679 3382 misericordia—vjd.
1762 3329 2008 3369 &villelmus
