2165 3835
250 422 303 460 92
519 420 737 453 RECORDs
771 422 830 452 OF
863 420 962 452 THE
996 420 1231 452 BOROUGH
1265 420 1324 451 OF
1360 419 1706 450 NO'l'TINGIIAM.
1843 409 1973 463 [1414

250 555 479 594 corporum
511 556 687 583 suorum
718 543 911 596 legitime
934 550 1161 596 procreato
1190 542 1386 591 obierint,
1410 549 1513 581 tunc
1543 541 1653 590 volo,
1677 542 1794 594 quod
1824 542 1972 582 omnia

250 622 388 656 terrae
422 623 465 656 et
500 616 799 669 [tenementa]
830 624 954 670 prata
986 624 1028 657 et
1062 616 1263 656 selliones
1296 615 1447 655 friscac
1481 615 1714 668 praedicta,
1750 629 1848 655 curn
1878 629 1971 668 per-

250 690 442 730 tinentiis
466 691 562 739 suis
587 698 685 743 post
708 692 933 731 decessum
957 690 1178 743 praefatae
1197 690 1366 730 Aliciae
1389 689 1537 729 uxoris
1561 703 1694 738 meae,
1719 697 1971 730 remaneant

248 764 438 816 Johanni
471 765 648 813 Samon,
673 764 760 805 filio
784 765 843 818 [et
874 765 1019 804 heredi
1052 764 1346 817 Margare]tae
1371 763 1482 803 filiae
1513 776 1645 811 meae,
1670 770 1711 803 et
1741 763 1972 803 heredibus

249 838 303 877 de
345 852 525 891 corpore
566 852 644 878 suo
686 839 961 887 exeuntibus,
1005 839 1336 891 imperpetuum.
1409 837 1465 877 Et
1507 837 1539 875 si
1583 837 1812 889 contingat
1853 838 1971 889 quod

248 912 495 964 praedictus
535 913 758 965 Johannes
803 913 966 954 Samon
1010 913 1164 952 obierit
1206 913 1297 952 sine
1339 912 1496 951 herede
1538 911 1592 950 de
1635 925 1814 964 corpore
1856 911 1972 964 [suo]

249 993 450 1035 exeunte,
474 993 577 1027 ωηο
609 987 719 1035 volo,
743 987 859 1039 quod
888 986 1036 1026 omnia
1066 986 1289 1038 praedicta
1318 992 1457 1026 terrae
1487 992 1528 1025 et
1559 991 1822 1034 tenementa‚
1846 992 1973 1038 prata

249 1066 291 1100 et
328 1060 528 1100 selliones
565 1060 726 1109 friscae,
764 1074 863 1100 cum
898 1060 1169 1113 pertinentiis
1207 1060 1304 1107 suis,
1343 1066 1442 1112 post
1479 1059 1705 1098 decessum
1749 1058 1972 1111 praefatae

248 1133 417 1174 Aliciae
459 1135 608 1175 uxoris
650 1148 783 1182 meae,
827 1134 1118 1188 [remanea]nt
1163 1134 1445 1174 Elizabethae
1498 1134 1816 1182 Humburston,
1860 1133 1973 1174 filiae

250 1208 525 1260 Margaretae
563 1208 674 1249 filiae
712 1223 845 1257 meae,
880 1216 922 1249 et
960 1208 1191 1249 heredibus
1225 1209 1279 1248 de
1316 1222 1496 1260 corpore
1533 1221 1611 1247 suo
1649 1207 1843 1261 legitime
1875 1222 1972 1261 pro-

249 1282 412 1330 creatis,
456 1283 785 1335 imperpetuum.
863 1283 920 1323 Et
963 1283 995 1322 si
1039 1283 1265 1335 contingat
1302 1283 1419 1335 quod
1461 1295 1614 1322 omnes
1657 1281 1788 1335 [filiae
1831 1282 1973 1335 me]ae

248 1369 377 1408 supra
399 1356 541 1396 dictae
565 1363 606 1397 et
630 1357 838 1409 praedicti
861 1357 1086 1409 johannes
1111 1357 1275 1397 Samon
1300 1363 1341 1396 et
1368 1355 1626 1396 Elizabetha
1651 1356 1971 1405 Humburston‚

248 1428 358 1481 fil[ii]
396 1430 671 1482 Margaretae
706 1430 818 1470 filiae
851 1444 984 1478 meae,
1017 1430 1108 1470 sine
1141 1430 1262 1470 exitu
1297 1444 1527 1482 corporum
1563 1444 1738 1470 suorum
1774 1430 1970 1479 obierint,

247 1508 350 1542 tunc
375 1502 502 1555 [volo,
526 1503 644 1556 po]st
667 1504 892 1544 decessum
917 1503 1138 1556 praefatae
1161 1504 1330 1544 Aliciae
1352 1505 1502 1544 uxoris
1527 1518 1659 1553 meae,
1682 1505 1799 1557 quod
1823 1505 1972 1545 omnia

247 1576 469 1628 praedicta
507 1583 645 1617 terrae
682 1584 724 1617 et
761 1584 1024 1626 tenementa‚
1062 1584 1186 1630 prata
1224 1586 1266 1618 et
1303 1579 1504 1618 selliones
1542 1578 1704 1627 friscae,
1739 1593 1837 1619 cum
1876 1593 1971 1632 per-

247 1650 440 1690 tinentiis
463 1650 560 1700 suis,
580 1651 707 1691 simul
730 1658 773 1692 et
796 1658 913 1692 totus
937 1658 1086 1700 status,
1107 1651 1273 1704 [q]ucm
1298 1652 1440 1692 habeo
1458 1653 1512 1692 ad
1536 1652 1770 1692 terminum
1794 1659 1969 1694 centum

246 1738 458 1765 annorum
483 1739 539 1764 ex
570 1726 849 1766 concessione
871 1732 914 1766 et
936 1726 1189 1766 dimissione
1212 1726 1426 1766 dictorum
1459 1726 1613 1766 Prioris
1644 1733 1686 1767 et
1717 1727 1970 1768 Conventus

246 1799 300 1838 de
326 1800 453 1839 Novo
478 1800 597 1839 Loco
620 1799 660 1839 in
694 1800 929 1848 Shirwode,
955 1799 1048 1853 [per
1074 1800 1349 1853 executores]
1373 1813 1493 1840 meos
1523 1800 1779 1847 vendantur,
1803 1801 1836 1840 si
1867 1807 1970 1841 tunc

246 1873 498 1925 superstites
536 1873 713 1924 fuerint;
751 1881 793 1915 et
831 1888 1025 1927 pecunea
1063 1874 1162 1915 inde
1197 1881 1371 1927 recepta
1408 1873 1483 1914 fiat
1519 1881 1561 1915 et
1598 1875 1856 1927 disponatur
1893 1889 1971 1927 pro

247 1948 393 1987 anima
425 1961 523 1987 mea
551 1954 593 1988 et
623 1948 770 1988 anima
795 1948 938 1989 dictae
971 1948 1140 1988 Aliciae
1173 1948 1359 2002 [uxoris]
1391 1962 1513 1989 meae
1543 1955 1585 1989 et
1615 1948 1844 1988 animabus
1874 1963 1970 2001 par-

246 2028 396 2060 entum
430 2020 508 2074 [et]
543 2021 775 2062 liberorum
809 2029 1067 2071 nostrorum,
1098 2022 1437 2071 benefactorum,
1469 2030 1510 2063 et
1545 2023 1741 2063 omnium
1776 2022 1968 2063 fidelium

245 2094 561 2145 defunctorum,
584 2095 655 2136 ubi
680 2096 783 2136 dicti
806 2103 1062 2137 executores
1091 2098 1173 2137 mei
1198 2097 1351 2137 melius
1374 2098 1560 2138 viderint
1583 2098 1792 2150 expedire
1816 2096 1903 2137 fieri
1927 2104 1970 2138 et

246 2169 426 2222 disponi.
492 2170 550 2210 Et
581 2170 614 2209 si
649 2171 874 2223 contingat
897 2172 1014 2224 quod
1039 2172 1141 2211 dicti
1172 2178 1429 2212 executores
1460 2171 1544 2211 mei
1578 2171 1632 2211 ad
1661 2171 1768 2210 haec
1798 2172 1970 2224 agenda

246 2249 289 2283 et
324 2243 610 2284 ministranda
644 2258 729 2284 non
761 2246 1014 2298 superstites
1050 2245 1218 2294 fuerint,
1245 2253 1348 2286 tunc
1381 2246 1488 2294 volo,
1512 2246 1629 2298 quod
1665 2245 1813 2285 omnia
1847 2259 1968 2298 prae-

246 2316 362 2356 dicta
392 2323 530 2357 terrae
559 2324 601 2358 et
631 2325 893 2368 tenementa,
918 2326 1043 2372 prata
1075 2326 1117 2360 et
1150 2320 1351 2360 selliones
1381 2320 1543 2368 friscae,
1567 2334 1665 2360 cum
1696 2320 1969 2373 pertinentiis

246 2390 343 2439 suis,
370 2390 497 2431 simul
527 2398 569 2432 et
599 2398 717 2433 totus
747 2399 885 2433 status
917 2407 1048 2441 meus,
1072 2407 1202 2446 quem
1234 2394 1375 2434 habeo
1405 2394 1446 2433 in
1477 2394 1702 2446 praedicto
1732 2395 1968 2447 mesuagio,

246 2465 362 2517 quod
401 2471 528 2505 teneo
562 2480 617 2506 ex
654 2467 932 2507 concessione
969 2474 1011 2507 et
1046 2468 1299 2507 dimissione
1333 2468 1548 2508 dictorum
1587 2467 1741 2508 Prioris
1776 2474 1819 2508 et
1855 2469 1968 2509 Con-

245 2546 399 2579 ventus
422 2540 476 2579 de
512 2540 640 2580 Novo
674 2541 793 2581 Loco
826 2541 866 2580 in
900 2541 1135 2590 Shirwode‚
1160 2549 1259 2594 post
1289 2542 1514 2582 decessum
1549 2541 1770 2594 praefatae
1799 2541 1969 2582 Aliciae

246 2613 394 2652 uxoris
418 2627 550 2663 meae,
574 2615 818 2656 vendantur
841 2629 916 2668 per
946 2616 1182 2669 Magistros
1213 2623 1255 2656 et
1280 2617 1495 2658 Custodes
1527 2616 1749 2656 Ecclesiae
1772 2616 1968 2669 parochi-

246 2687 323 2726 alis
367 2688 527 2727 Beatae
571 2688 736 2729 Mariae
777 2690 831 2729 de
874 2690 1175 2742 Notyngham,
1211 2690 1283 2743 qui
1318 2697 1421 2730 tunc
1459 2690 1659 2738 vixerint,
1694 2696 1737 2729 et
1774 2703 1969 2742 pecunea

246 2760 346 2800 inde
387 2768 561 2814 recepta
601 2776 677 2814 per
717 2763 856 2803 dictos
906 2764 1143 2817 Magistros
1185 2771 1228 2804 et
1271 2764 1487 2805 Custodes
1536 2778 1612 2816 per
1653 2764 1792 2803 visum
1836 2764 1966 2804 trium

246 2834 610 2875 validissimorum
648 2843 691 2876 et
728 2837 1135 2878 discretissimorum
1175 2838 1456 2891 burgensium
1500 2837 1696 2890 ejusdem
1734 2837 1966 2889 parochiae

247 2906 321 2947 fiat
350 2922 428 2960 pro
451 2909 597 2948 anima
626 2923 722 2949 mea
744 2917 786 2950 et
809 2911 956 2951 anima
978 2912 1120 2951 dictae
1142 2911 1312 2951 Aliciae
1341 2911 1490 2951 uxoris
1514 2924 1647 2959 meae,
1671 2917 1901 2963 parentum
1926 2918 1968 2951 et

247 2980 476 3021 liberorum
501 2989 760 3033 nostrorum,
784 2984 1123 3034 benefactorum,
1147 2992 1189 3025 et
1211 2986 1408 3025 omnium
1433 2984 1625 3025 fidelium
1648 2984 1966 3034 defunctorum,

246 3055 317 3094 ubi
353 3056 455 3096 dicti
492 3057 708 3097 Custodes
743 3064 785 3098 et
815 3065 900 3098 tres
934 3059 1187 3099 validissimi
1220 3059 1457 3112 burgenses
1491 3059 1644 3099 melius
1672 3058 1859 3099 viderint
1888 3072 1967 3111 pro

246 3128 370 3168 nobis
399 3128 509 3168 effici
541 3136 583 3170 et
612 3132 818 3184 expediri.
884 3133 1126 3173 Residuum
1157 3147 1258 3173 vero
1287 3133 1483 3173 omnium
1519 3133 1733 3173 bonorum
1769 3145 1965 3172 meorum

246 3214 331 3241 non
365 3201 620 3254 legatorum,
643 3205 700 3244 do
732 3211 774 3245 et
807 3205 904 3258 lego
937 3206 1106 3246 Aliciae
1138 3207 1266 3247 uxori
1299 3220 1432 3255 meae,
1456 3206 1608 3247 solutis
1637 3206 1778 3259 primo
1807 3206 1966 3246 debitis

248 3275 353 3314 meis
375 3282 417 3315 et
440 3277 645 3328 expensis
668 3278 779 3318 circa
802 3278 1011 3320 funeralia
1034 3294 1139 3321 mea.

334 3349 392 3389 Et
429 3356 474 3389 ut
512 3349 592 3390 hoc
631 3358 942 3393 testamentum
983 3368 1127 3394 meum
1166 3355 1207 3394 in
1241 3355 1443 3395 omnibus
1480 3362 1522 3395 et
1559 3354 1739 3407 singulis
1777 3355 1887 3394 bene
1924 3360 1966 3395 et
