2165 3835
279 399 329 429 10
538 398 757 431 RECORDS
789 399 850 431 OF
882 400 982 430 THE
1014 400 1250 432 BOROUGH
1283 400 1343 432 OF
1377 400 1725 432 NOTTINGHAM.
1860 391 1992 444 [1399

274 519 580 559 mandatorum
605 526 852 560 nostrorum
875 521 941 560 vel
971 521 1179 561 heredum
1203 528 1450 562 nostrorum
1480 521 1561 561 sub
1584 520 1729 573 aliquo
1752 519 1991 573 sigillorum

272 598 517 632 nostrorum
544 592 611 632 vel
640 593 849 633 heredum
882 600 1140 644 nostrorum,
1165 595 1309 647 Major
1334 595 1461 635 villae
1493 594 1741 647 praedictae
1773 607 1851 646 pro
1880 600 1989 634 tem-

271 679 375 717 pore
405 666 598 706 existens
628 666 742 719 ipsis,
775 667 848 719 qui
880 681 957 720 per
988 681 1066 708 nos
1099 674 1142 708 et
1173 668 1353 708 heredes
1386 674 1557 708 nostros
1587 667 1641 707 ad
1671 666 1754 706 hoc
1783 667 1991 719 assignati

271 738 438 788 fuerint,
461 740 516 779 ad
540 740 844 780 arraiationem
868 740 986 780 illam
1005 740 1249 781 faciendam
1273 755 1349 794 per
1366 740 1695 781 commissiones
1718 746 1761 780 et
1784 740 1993 780 mandata

271 812 522 865 hujusmodi
552 813 606 853 sit
636 813 867 866 adjunctus
886 828 894 863 ;
927 821 970 854 et
992 815 1108 867 quod
1133 815 1225 854 sine
1248 815 1529 867 adjunctione
1556 814 1628 854 illa
1650 813 1769 853 nulla
1791 813 1993 853 arraiatio

270 886 495 926 hominum
521 887 575 926 ad
603 900 733 936 arma,
757 887 984 927 hominum
1015 895 1293 937 armatorum,
1317 888 1649 935 hobelariorum,
1673 892 1748 926 aut
1776 886 1992 938 sagittari-

269 972 393 999 orum
416 959 458 998 in
482 960 635 999 eadem
659 959 760 999 villa
783 959 858 1000 fiat
880 974 1057 1012 quoquo
1081 962 1222 1001 modo.

355 1032 572 1073 Volumus
609 1033 741 1073 etiam
779 1039 822 1073 et
859 1034 1149 1082 concedimus,
1193 1048 1271 1087 pro
1309 1035 1434 1075 nobis
1471 1042 1514 1075 et
1556 1034 1786 1074 heredibus
1822 1034 1991 1082 nostris,

268 1105 323 1145 de
352 1119 530 1145 assensu
559 1106 794 1158 praedicto,
817 1107 935 1158 quod
965 1121 1041 1159 per
1070 1107 1260 1160 aliquam
1291 1121 1467 1148 causam
1497 1114 1572 1148 aut
1601 1108 1789 1148 colorem
1820 1108 1991 1160 aliquae

268 1178 333 1219 vel
386 1178 531 1231 aliqua
581 1179 635 1218 de
680 1178 942 1228 franchesiis,
994 1180 1277 1230 libertatibus,
1330 1181 1575 1234 privilegiis,
1628 1181 1989 1228 immunitatibus,

268 1252 530 1304 quietantiis,
568 1265 640 1291 seu
685 1253 1073 1294 commoditatibus
1115 1254 1321 1307 praefatis
1364 1255 1533 1307 Majori,
1569 1255 1745 1295 Ballivis
1778 1261 1820 1295 et
1854 1255 1989 1307 Burg-

265 1326 440 1366 ensibus
491 1327 545 1366 de
598 1326 899 1378 Notyngham,
949 1333 992 1367 et
1043 1328 1364 1368 successoribus
1415 1328 1513 1376 suis,
1560 1341 1636 1380 per
1686 1328 1990 1380 progenitores

266 1405 437 1439 nostros
479 1405 580 1439 ante
617 1398 723 1438 haec
766 1406 966 1452 tempora
1002 1401 1228 1449 concessis,
1267 1408 1309 1441 et
1347 1415 1422 1454 per
1459 1414 1537 1441 nos
1575 1400 1852 1450 confirmatis,
1888 1414 1991 1453 erga

265 1486 380 1512 nunc
404 1472 631 1524 Majorem,
657 1471 845 1512 Ballivos
868 1473 933 1512 vel
966 1473 1210 1526 Burgenses
1240 1474 1436 1526 ejusdem
1460 1474 1587 1514 villae
1609 1475 1663 1514 de
1687 1475 1988 1527 Notyngham‚

265 1559 339 1585 seu
382 1545 561 1585 heredes
598 1545 665 1585 vel
702 1559 970 1586 successores
1013 1560 1123 1595 suos,
1162 1547 1281 1587 nullo
1324 1548 1457 1587 modo
1498 1547 1778 1600 denegentur,
1817 1548 1989 1587 restrin—

264 1625 432 1671 gantur,
468 1619 720 1659 minuantur
754 1632 832 1659 nec
870 1619 1196 1669 abbrevientur;
1230 1627 1295 1661 set
1324 1621 1442 1673 quod
1480 1621 1611 1660 iidem
1648 1621 1802 1673 Major,
1834 1621 1987 1661 Ballivi

264 1698 307 1732 et
356 1693 600 1744 Burgenses
637 1693 780 1732 dictae
825 1693 952 1733 villae
997 1694 1052 1733 de
1096 1694 1398 1746 Notyngham,
1441 1708 1490 1734 ac
1532 1707 1680 1734 eorum
1723 1694 1903 1734 heredes
1946 1701 1989 1734 et

263 1779 542 1814 successores,
585 1766 786 1816 habeant,
823 1773 1001 1807 teneant
1043 1774 1086 1808 et
1123 1774 1384 1808 excerceant
1421 1768 1569 1807 omnia
1606 1768 1690 1807 alia
1733 1775 1776 1808 et
1817 1768 1989 1821 singula

263 1839 536 1889 sranchesias,
579 1840 811 1889 libertates,
854 1841 1090 1894 privilegia,
1128 1841 1440 1891 immunitates,
1478 1841 1743 1894 quietantias
1785 1848 1828 1881 et
1869 1855 1987 1881 com-

264 1913 509 1961 moditates,
533 1926 582 1953 ac
605 1914 954 1963 consuetudines,
977 1920 1020 1954 et
1050 1915 1110 1954 eis
1140 1921 1182 1955 et
1211 1928 1361 1955 eorum
1385 1915 1580 1967 quolibet
1610 1915 1737 1967 plene
1765 1915 1988 1967 gaudeant

263 1992 306 2026 et
337 1992 525 2035 utantur,
549 1987 603 2026 de
636 1987 817 2027 articulo
849 1987 891 2027 in
925 1988 1154 2028 articulum
1185 2002 1234 2028 ac
1266 1989 1321 2028 de
1350 1988 1482 2028 verbo
1512 1988 1553 2028 in
1588 1988 1780 2037 verbum,
1804 2002 1916 2041 quae
1945 1995 1988 2029 et

262 2066 391 2113 prout
425 2060 580 2112 Major,
605 2060 758 2100 Ballivi
793 2067 836 2101 et
872 2062 1116 2114 Burgenses
1151 2062 1400 2114 praedictae
1434 2062 1561 2102 villae
1594 2062 1648 2101 de
1684 2062 1985 2114 Notyngham,

261 2147 311 2173 ac
344 2139 638 2174 antecessores
671 2140 713 2174 et
745 2135 1100 2187 praedecessores
1132 2136 1207 2183 sui,
1231 2135 1477 2175 habuerunt
1509 2142 1552 2175 et
1581 2141 1894 2175 excercuerunt
1928 2148 1985 2174 ex

261 2208 542 2248 concessione
570 2214 613 2248 et
642 2207 973 2248 confirmatione
995 2209 1211 2249 dictorum
1245 2209 1573 2261 progenitorum
1607 2215 1853 2248 nostrorum
1884 2215 1986 2248 ante

260 2281 367 2321 haec
390 2287 599 2334 tempora,
623 2281 956 2334 imperpetuum.

350 2355 448 2394 Hiis
480 2354 684 2394 testibus:
717 2355 1035 2395 venerabilibus
1067 2355 1262 2407 patribus
1296 2355 1470 2395 Thoma
1504 2355 1818 2404 Cantuariensi,
1849 2355 1984 2395 totius

261 2428 451 2480 Angliae
490 2429 689 2477 Primate,
727 2429 916 2468 Ricardo
952 2429 1230 2478 Eboracensi,
1265 2428 1458 2481 Angliae
1497 2429 1696 2477 Primate,
1731 2428 1983 2480 Archiepis-

260 2502 390 2554 copis,
417 2502 611 2541 Roberto
643 2502 952 2550 Londoniensi‚
975 2502 1199 2542 Vv'illelmo
1228 2502 1549 2554 KVyntoniensi,
1571 2502 1773 2554 Johanne
1807 2501 1982 2549 Eliensi,

264 2575 456 2614 Henrico
481 2574 786 2623 Lincolniensi‚
808 2575 1048 2628 Episcopis,
1069 2575 1307 2615 Edmundo
1332 2575 1455 2615 Duce
1479 2575 1745 2615 Eboracensi
1769 2574 1984 2614 avunculo

260 2654 409 2687 nostro
441 2647 674 2696 carissimo,
706 2648 880 2688 Thoma
911 2647 1254 2700 XVarr[ewyck'],
1288 2648 1482 2688 Henrico
1515 2647 1982 2700 Northumb[erland’],

262 2720 498 2772 Radulpho
530 2720 878 2769 westmerland',
911 2721 1166 2770 Comitibus,
1195 2721 1399 2774 Johanne
1431 2721 1486 2761 de
1519 2722 1668 2763 Scarle
1700 2721 1982 2769 Cancellario,

257 2793 460 2846 Johanne
488 2793 694 2846 Norbury
717 2793 1008 2834 Thesaurario
1038 2794 1206 2844 nostris,
1236 2795 1459 2835 willelmo
1487 2795 1542 2834 de
1573 2795 1703 2843 Roos,
1727 2795 1782 2834 de
1816 2794 1981 2834 Hame-

259 2866 341 2915 lak,
365 2866 588 2906 willelmo
606 2866 660 2906 de
683 2866 937 2919 Wilughby,
960 2867 1163 2919 Johanne
1184 2868 1239 2907 de
1263 2868 1475 2916 Cobham,
1494 2867 1668 2908 Thoma
1691 2867 1980 2920 Erpyngham

261 2939 511 2981 Camerario
562 2945 722 2988 nostro,
766 2939 941 2979 Thoma
994 2940 1239 2993 Rempston
1293 2941 1544 2982 Senescallo
1598 2941 1791 2993 Hospitii
1834 2941 1980 2990 nostri,

260 3013 474 3065 Magistro
511 3012 701 3052 Ricardo
733 3012 788 3052 de
823 3012 1004 3054 Clifford
1039 3014 1233 3055 Custode
1268 3014 1427 3054 Privati
1465 3014 1604 3066 Sigilli
1635 3014 1780 3062 nostri,
1803 3020 1846 3054 et
1875 3013 1978 3053 aliis.

261 3086 428 3126 Datum
457 3099 533 3138 per
562 3098 741 3125 manum
774 3092 968 3125 nostram
1000 3087 1115 3139 apud
1148 3087 1601 3135 &Vestmonasteriurrn
1624 3087 1795 3126 decimo
1824 3092 1981 3126 octavo

260 3159 330 3198 die
353 3158 627 3206 Novembris,
652 3171 767 3197 anno
791 3159 909 3210 regni
934 3160 1068 3199 nostri
1092 3159 1241 3212 primo.
1532 3161 1612 3200 Per
1634 3160 1775 3212 ipsum
1802 3160 1979 3211 Regem.

1714 3233 1978 3284 XVakeryng.

1856 3306 1977 3355 4166.
