2165 3835
240 410 316 449 108
499 417 719 448 REcORDs
752 417 811 448 or·
845 416 945 448 THE
978 416 1214 449 Bououou
1249 418 1309 448 or
1344 416 1694 448 No‘rriNouAM.
1830 408 1961 460 [1416

233 538 380 579 clauso
407 545 449 579 et
478 545 666 592 pastura,
690 552 768 579 nec
799 539 839 578 in
865 540 1009 592 aliqua
1038 539 1227 592 parcella
1249 539 1499 588 eorundem,
1524 539 1578 578 de
1607 545 1751 578 cetero
1780 539 1957 591 exigere

233 626 308 652 seu
345 613 575 653 vendicare
613 612 851 664 poterimus
890 612 930 652 in
970 612 1182 662 futurum;
1220 619 1285 653 set
1323 613 1378 652 ab
1409 613 1528 652 omni
1568 612 1740 652 actione
1773 612 1879 664 juris
1917 619 1959 653 et

234 686 387 726 clamei
426 686 527 726 inde
564 687 699 726 simus
736 686 900 726 exclusi
944 687 1266 740 imperpetuum
1306 701 1382 739 per
1418 692 1678 739 praesentes.
1744 686 1794 725 In
1838 686 1960 738 cujus

234 761 291 800 rei
335 761 634 801 testimonium
679 761 751 801 uni
795 761 906 814 parti
950 761 1077 814 hujus
1119 762 1265 815 scripti
1310 762 1523 802 indentati
1567 775 1700 814 penes
1742 760 1960 813 praefatos

235 834 464 887 Majorem,
504 836 748 888 Burgenses
796 842 838 875 et
877 836 1253 877 Communitatcm
1298 836 1539 877 remanenti
1582 835 1772 888 sigillum
1811 849 1957 875 meum

234 908 439 961 apposui3
473 908 595 948 alteri
631 923 732 949 vero
766 909 878 961 parti
913 923 1046 962 penes
1082 923 1151 949 me
1184 910 1425 950 remanenti
1456 908 1639 962 praefati
1674 908 1829 961 Major,
1855 909 1960 949 Bur-

234 995 389 1034 genses
427 989 469 1022 et
505 983 811 1023 Communitas
853 983 1042 1036 sigillum
1079 998 1313 1024 commune
1350 984 1476 1024 villae
1511 997 1614 1024 suae
1649 990 1958 1036 apposuerunt.

236 1055 402 1095 Datum
441 1055 481 1094 in
523 1056 678 1097 Castro
716 1056 1086 1109 Notynghamiae‚
1121 1058 1191 1098 die
1230 1059 1384 1099 Martis
1423 1058 1628 1111 proximo
1665 1063 1764 1110 post
1802 1057 1960 1098 festum

233 1128 600 1170 Annuntiationis
640 1131 801 1171 Beatae
840 1131 1006 1171 Mariae
1044 1132 1248 1185 Virginis,
1287 1146 1402 1173 anno
1445 1132 1564 1185 regni
1605 1132 1740 1185 Regis
1781 1131 1960 1171 Henrici

236 1203 388 1256 Quinti
412 1210 512 1256 post
537 1204 866 1256 Conquaestum
891 1212 1055 1257 quarto.
1836 1206 1960 1256 4438,

265 1440 640 1481 XLV—Release
663 1440 711 1492 by
732 1440 798 1481 [lec
821 1441 983 1493 „lsayor
1000 1442 1093 1481 ancl
1110 1442 1340 1495 Bmgcsses
1362 1448 1400 1482 to
1422 1441 1488 1482 tlle
1511 1442 1633 1482 Lord
1649 1443 1702 1494 of
1726 1442 1931 1483 Gamston

823 1516 876 1566 (gf
895 1515 1031 1567 Rzgrlzt
1053 1516 1096 1555 in
1119 1516 1185 1555 lla·
1211 1517 1370 1555 stenar.

910 1614 1026 1663 1416,
1052 1614 1205 1653 March
1231 1625 1291 1665 31.

323 1717 540 1759 Omnibus
572 1718 730 1760 Christi
756 1717 965 1769 fidelibus,
990 1721 1043 1760 ad
1068 1734 1177 1773 quos
1207 1734 1411 1774 praesens
1441 1720 1649 1774 scriptum
1684 1720 1959 1761 indentatum

235 1791 487 1843 pervenerit,
527 1792 722 1832 Thomas
763 1794 874 1846 Kay,
914 1793 1058 1847 Major
1096 1794 1221 1835 villae
1264 1794 1635 1848 Notynghamiae,
1674 1808 1723 1834 ac
1761 1794 1960 1834 combur-

234 1879 389 1918 genses
426 1872 469 1906 et
508 1867 813 1907 Communitas
851 1867 1058 1920 ejusdem,
1097 1868 1282 1909 salutem
1321 1869 1362 1908 in
1403 1869 1598 1908 Domino
1635 1867 1958 1920 sempiternam.

236 1939 456 1979 Noveritis
480 1953 558 1979 nos
582 1954 657 1992 per
680 1947 930 1993 praesentes
959 1948 1122 1982 statum
1147 1949 1189 1983 ct
1219 1943 1551 1996 possessionem,
1575 1956 1706 1995 quam
1738 1941 1961 1983 Galfridus

237 2013 439 2061 Luterell,
466 2014 682 2053 Dominus
706 2015 760 2054 dc
784 2014 1042 2069 Gampston,
1066 2016 1209 2066 habet,
1233 2024 1275 2058 et
1298 2023 1594 2058 antecessores
1617 2017 1681 2057 sui
1705 2016 1760 2057 ab
1778 2017 1961 2070 antiquo

235 2092 432 2139 tempore
469 2087 714 2129 habuerunt
753 2089 793 2128 in
833 2090 1023 2142 quadam
1068 2097 1246 2143 pastura
1283 2098 1438 2132 vocata
1476 2091 1537 2131 ‘le
1576 2091 1753 2133 Stener'
1787 2091 1961 2143 jacente

232 2159 361 2212 juxta
387 2160 591 2202 Oldtrent
615 2175 671 2201 ex
696 2169 818 2214 parte
841 2164 1017 2204 australi
1042 2163 1151 2204 infra
1174 2165 1351 2218 lapides,
1371 2165 1443 2218 qui
1468 2166 1601 2205 modo
1623 2171 1846 2218 ponuntur
1869 2172 1958 2206 tam

236 2247 292 2273 ex
316 2247 493 2274 assensu
518 2235 838 2287 praedictorum
864 2237 1056 2290 Majoris,
1083 2239 1370 2291 Burgensium
1395 2246 1437 2280 ct
1461 2239 1803 2281 Communitatis
1827 2252 1958 2292 quam

236 2321 291 2347 ex
326 2322 502 2348 assensu
537 2310 744 2361 praedicti
779 2310 974 2360 Galfridi,
1009 2311 1253 2363 ratificasse,
1287 2313 1568 2354 confirmasse
1600 2320 1642 2354 et
1672 2313 1960 2366 approbasse,

237 2395 285 2421 ac
318 2382 502 2435 insuper,
526 2396 602 2435 per
633 2391 883 2436 praesentes
917 2385 1142 2435 remisisse,
1173 2387 1393 2427 relaxasse
1425 2394 1468 2428 et
1500 2387 1681 2427 omnino
1713 2400 1791 2439 pro
1824 2386 1960 2435 nobis,

236 2455 466 2495 heredibus
503 2463 545 2496 et
582 2458 900 2498 successoribus
943 2460 1100 2500 nostris
1138 2460 1471 2514 imperpetuum,
1510 2461 1706 2514 quietum
1749 2460 1960 2500 clamasse

236 2528 433 2581 praefato
456 2529 664 2580 Galfrido,
687 2531 918 2573 heredibus
948 2540 990 2574 et
1017 2534 1249 2587 assignatis
1276 2535 1372 2583 suis,
1398 2541 1539 2576 totum
1566 2535 1636 2588 jus
1663 2541 1705 2575 et
1732 2534 1960 2584 clamcum,

236 2616 347 2655 quac
370 2603 592 2654 habemus,
615 2605 858 2655 habuimus,
882 2621 956 2647 seu
980 2609 1132 2661 quovis
1164 2610 1296 2649 modo
1326 2610 1366 2649 in
1392 2609 1582 2650 futurum
1614 2609 1773 2649 habere
1802 2609 1960 2661 poteri-

237 2689 333 2716 mus
366 2676 406 2716 in
440 2684 617 2730 pastura
647 2680 889 2731 praedicta;
923 2681 982 2721 ita
1005 2682 1122 2734 quod
1154 2696 1231 2722 nec
1262 2697 1350 2731 nos,
1379 2684 1559 2724 heredes
1586 2697 1664 2723 nec
1691 2696 1960 2733 successores

237 2751 382 2799 nostri,
401 2750 576 2803 aliquod
597 2752 666 2804 jus
690 2753 755 2792 vel
779 2753 994 2794 clameum
1020 2756 1061 2795 in
1084 2757 1308 2809 praedicta
1331 2764 1508 2810 pastura
1530 2770 1608 2797 nec
1631 2757 1672 2796 in
1697 2756 1842 2809 aliqua
1863 2770 1959 2808 par-

237 2823 344 2863 cella
373 2823 569 2876 ejusdem
593 2825 647 2865 de
677 2832 820 2866 cetero
852 2827 1029 2881 exigere
1058 2829 1123 2869 vel
1149 2831 1376 2871 vendicare
1406 2830 1645 2884 poterimus
1676 2830 1717 2870 in
1744 2829 1960 2881 futurum;

237 2903 301 2937 set
332 2897 386 2937 ab
408 2897 527 2937 omni
555 2899 726 2939 actione
752 2899 858 2952 juris
888 2907 930 2941 et
960 2901 1113 2943 clamei
1144 2904 1245 2944 inde
1274 2905 1409 2944 simus
1439 2904 1603 2944 exclusi
1636 2903 1957 2956 imperpetuum

237 2984 312 3022 per
353 2977 623 3023 praesentes:
670 2972 789 3012 salvo
831 2987 1002 3028 semper
1044 2977 1167 3017 nobis
1210 2978 1415 3031 praefatis
1458 2978 1658 3018 Thomae
1701 2977 1814 3029 Kay,
1854 2977 1958 3016 Bur-

237 3044 442 3096 gensibus
471 3052 514 3086 et
538 3046 866 3097 Communitati‚
891 3048 1121 3090 heredibus
1151 3058 1193 3091 et
1223 3051 1542 3091 successoribus
1572 3050 1740 3099 nostris,
1764 3050 1956 3102 quodam

237 3118 411 3158 annuali
465 3119 636 3159 redditu
688 3133 766 3160 sex
810 3121 1098 3173 denariorum,
1141 3124 1212 3177 qui
1261 3124 1382 3165 reddi
1424 3123 1534 3164 solet
1586 3124 1640 3163 ad
1692 3123 1957 3163 scaccarium

238 3197 434 3231 nostrum
459 3193 818 3245 Notynghamiac
840 3209 918 3248 pro
942 3197 1215 3249 reparatione
1240 3198 1386 3251 pontis
1410 3197 1552 3239 vocati
1577 3196 1958 3249 ‘Hebethbrigge‚'

238 3277 315 3316 pro
347 3265 575 3305 animabus
609 3273 932 3309 antecessorum
965 3271 1175 3322 praedicti
1206 3271 1399 3320 Galfridi,
1424 3284 1592 3311 necnon
1623 3283 1701 3323 pro
1729 3269 1958 3310 animabus

240 3346 561 3379 antecessorum
606 3340 797 3392 Majoris,
835 3343 1121 3395 Burgensium
1165 3352 1207 3385 et
1246 3344 1586 3387 Communitatis
1624 3344 1954 3396 praedictorum.
