2165 3835
280 422 357 461 116
540 428 759 460 RECORDS
792 428 851 459 OF
885 428 984 459 THE
1021 426 1253 459 BOROUGH
1289 428 1348 459 OF
1385 427 1731 461 NOTTINGHAM.
1868 419 1997 475 [1418

272 552 501 593 continens
539 552 580 592 in
618 565 664 592 se
698 551 806 592 duas
844 565 964 592 acras
1001 558 1044 592 et
1081 552 1263 592 dimidia
1304 552 1427 605 prati,
1466 565 1578 605 quae
1611 551 1728 605 jacet
1765 551 1876 594 inter
1918 552 1998 594 Est

273 627 439 681 Ryhyll
462 641 519 668 ex
548 633 672 680 parte
700 626 909 676 orientali,
934 633 975 667 et
1006 627 1210 668 abbuttat
1240 628 1294 667 ad
1325 641 1460 667 unum
1491 633 1623 680 caput
1652 640 1780 680 super
1810 627 1998 680 Bryght-

271 701 464 742 merstall
499 715 647 742 versus
682 707 888 749 austrum,
919 707 961 741 et
995 701 1049 741 ad
1085 701 1201 741 aliud
1238 708 1368 755 caput
1403 715 1532 754 super
1567 701 1818 743 Semurleso
1850 715 1998 742 versus

269 776 459 826 bonam,
492 782 534 816 et
557 775 739 816 dimidia
769 788 866 815 acra
896 781 1100 828 pasturae
1126 775 1242 829 jacet
1272 776 1384 816 inter
1414 776 1493 816 Est
1525 774 1690 828 Ryhyll
1720 781 1763 816 et
1796 774 1997 825 Hebeth',

270 850 382 891 inter
417 856 576 891 terram
613 849 828 903 Johannis
867 850 1032 891 Samon
1070 864 1128 890 ex
1165 856 1289 903 parte
1325 849 1535 899 orientali,
1573 856 1616 891 et
1658 856 1817 890 terram
1859 862 1998 903 nuper

268 924 483 979 Johannis
508 923 698 965 Loterell
722 937 778 964 ex
801 930 925 977 parte
947 923 1228 975 occidentali;
1261 930 1303 964 et
1326 924 1508 964 dimidia
1537 937 1637 964 acra
1658 930 1862 976 pasturae
1881 923 1998 977 jacet

269 999 444 1049 ibidem,
482 999 594 1039 inter
629 1005 789 1039 terram
827 1011 965 1051 nuper
999 997 1214 1051 Johannis
1259 999 1430 1051 Remey
1467 1012 1523 1039 ex
1561 1004 1686 1051 parte
1728 997 1917 1048 australi,
1955 1004 1998 1040 et

270 1080 441 1123 terram,
480 1086 611 1126 quam
649 1072 803 1125 Agnes
847 1072 1076 1126 Bradbury
1114 1086 1250 1125 nuper
1291 1072 1522 1126 occupavit
1564 1086 1620 1113 ex
1658 1078 1782 1126 parte
1823 1072 1998 1124 boriali;

271 1154 314 1189 et
347 1161 434 1188 una
467 1147 599 1197 sellio,
634 1147 863 1187 continens
899 1147 941 1186 in
977 1160 1022 1186 se
1052 1146 1280 1187 dimidiam
1316 1160 1461 1186 acram
1497 1153 1711 1199 pasturae,
1747 1152 1903 1188 vocata
1937 1146 1998 1189 ‘le

273 1222 533 1263 Hadeland'
565 1222 682 1275 jacet
719 1222 831 1262 inter
863 1227 1023 1262 terram
1065 1221 1310 1274 Hospitalis
1350 1222 1500 1263 Sancti
1534 1221 1748 1274 Johannis
1783 1235 1839 1262 ex
1874 1228 1998 1275 parte

271 1297 459 1347 australi,
483 1303 525 1337 et
553 1296 669 1350 jacet
698 1296 829 1349 juxta
863 1296 943 1336 Est
978 1295 1142 1348 Ryhyll
1175 1309 1232 1335 ex
1265 1302 1388 1348 parte
1417 1295 1590 1347 boriali5
1623 1302 1665 1336 et
1688 1296 1870 1336 dimidia
1899 1310 1998 1337 acra

270 1378 474 1425 pasturae
493 1371 609 1424 jacet
632 1384 761 1423 super
789 1371 869 1410 Est
894 1370 1070 1423 Ryhyll,
1094 1370 1205 1410 inter
1234 1376 1392 1410 terram
1422 1370 1636 1423 Johannis
1663 1370 1910 1424 Hodynges
1940 1384 1997 1411 ex

269 1452 392 1499 parte
428 1445 699 1494 occidentali,
738 1450 780 1485 et
817 1450 988 1493 terram,
1026 1457 1159 1497 quam
1197 1444 1444 1484 XVillelmus
1485 1444 1696 1497 Sotehyll,
1734 1445 1997 1498 capellanus,

269 1534 407 1574 nuper
428 1520 567 1560 tenuit
590 1533 645 1559 ex
670 1525 793 1572 parte
815 1518 1034 1568 orientali;
1068 1524 1110 1558 et
1134 1518 1316 1558 dimidia
1337 1533 1436 1559 acra
1465 1526 1669 1572 pasturae
1694 1519 1812 1572 jacet
1834 1519 1996 1560 ibidem

269 1596 380 1636 inter
402 1601 560 1635 terram
584 1593 793 1634 &villelmi
817 1592 856 1632 le
881 1593 1048 1645 Spycer
1070 1606 1127 1632 ex
1150 1599 1273 1646 parte
1295 1593 1505 1642 orientali,
1529 1599 1571 1633 et
1600 1599 1759 1633 terram
1782 1593 1997 1646 Johannis

271 1669 496 1722 Plumptre
519 1682 575 1708 ex
599 1674 722 1721 parte
745 1667 1026 1717 occidentali;
1059 1673 1102 1707 et
1125 1681 1212 1707 una
1234 1681 1333 1707 acra
1356 1674 1398 1708 et
1420 1667 1604 1708 dimidia
1626 1674 1830 1721 pasturae
1848 1667 1997 1720 jacent

269 1744 442 1793 ibidem,
481 1743 592 1783 inter
629 1748 787 1783 terram
829 1742 985 1781 Prioris
1025 1742 1079 1781 de
1117 1741 1157 1781 la
1202 1741 1353 1782 Roche
1390 1756 1447 1782 ex
1485 1748 1608 1795 parte
1645 1742 1916 1792 occidentali,
1954 1748 1997 1783 et

268 1825 427 1859 terram
470 1830 608 1870 nuper
657 1816 872 1870 Johannis
923 1815 1113 1856 Loterell
1157 1830 1214 1856 ex
1257 1823 1380 1869 parte
1428 1816 1647 1857 orientali:
1699 1816 1903 1856 habenda
1954 1823 1997 1857 et

268 1893 460 1934 tenenda
488 1891 637 1932 omnia
666 1891 889 1945 praedicta
921 1890 1108 1943 capitale
1139 1891 1423 1943 mesuagium,
1447 1905 1526 1931 sex
1557 1890 1739 1944 cotagia‚
1764 1890 1845 1931 tria
1877 1896 1995 1931 tene-

270 1973 429 2016 menta,
459 1980 594 2006 unum
630 1966 873 2019 gardinum,
904 1978 1038 2005 unum
1074 1964 1272 2014 crostum,
1303 1979 1438 2006 unum
1473 1965 1649 2018 gallum,
1680 1972 1766 2006 tres
1800 1964 1996 2018 gallinas,

268 2041 423 2095 viginti
462 2054 594 2081 unam
634 2054 754 2080 acras
792 2046 835 2080 et
872 2039 1054 2079 dimidia
1088 2045 1228 2080 terrae
1266 2040 1450 2089 arabilis,
1485 2046 1673 2093 quatuor
1714 2053 1834 2079 acras
1871 2040 1995 2092 prati,

269 2124 310 2158 et
340 2122 526 2170 quatuor
559 2128 679 2155 acras
712 2120 926 2168 pasturae,
950 2128 1048 2154 cum
1079 2114 1282 2154 omnibus
1315 2114 1588 2167 pertinentiis
1630 2114 1728 2164 suis,
1762 2114 1996 2167 praedictis

267 2191 458 2244 Johanni
500 2188 751 2242 Tannesley
788 2194 831 2229 et
873 2188 1053 2238 Aliciae,
1088 2188 1320 2228 heredibus
1357 2194 1400 2228 et
1442 2188 1674 2241 assignatis
1716 2188 1814 2237 suis,
1852 2187 1995 2237 libere,

268 2266 445 2318 integre,
475 2264 586 2304 bene
618 2270 660 2304 et
693 2263 734 2302 in
768 2276 875 2315 pace
906 2263 961 2303 de
993 2263 1252 2316 capitalibus
1285 2263 1475 2303 dominis
1508 2263 1623 2304 feodi
1657 2263 1778 2313 illius,
1802 2277 1878 2316 per
1910 2277 1995 2304 ser-

267 2340 373 2380 vitia
409 2339 510 2379 inde
547 2338 695 2378 debita
731 2344 774 2378 et
811 2338 865 2377 de
898 2337 996 2390 jura
1037 2344 1256 2388 consueta,
1290 2338 1622 2391 imperpetuum.
1688 2338 1738 2378 In
1777 2337 1899 2391 cujus
1936 2337 1995 2377 rei

268 2413 568 2455 testimonium
603 2412 702 2452 huic
737 2411 954 2464 praesenti
989 2418 1135 2452 cartae
1166 2412 1308 2465 sigilla
1342 2419 1490 2452 nostra
1525 2411 1819 2465 apposuimus.
1897 2411 1996 2451 Hiis

268 2487 471 2529 testibus:
508 2486 683 2527 Thoma
721 2486 834 2538 Kay,
872 2491 976 2526 tunc
1015 2485 1185 2538 Majore
1218 2486 1346 2526 villae
1384 2485 1755 2538 Notynghamiae,
1792 2485 1996 2538 Johanne

270 2562 494 2614 Plumptre
535 2567 578 2601 et
622 2559 858 2613 Radulpho
895 2560 950 2600 de
993 2560 1173 2600 Preston
1216 2566 1320 2600 tunc
1365 2560 1540 2600 Ballivis
1583 2560 1756 2608 ibidem,
1793 2559 1996 2613 Johanne

271 2636 448 2685 Samon,
490 2634 685 2675 Roberto
728 2634 879 2683 Glade,
921 2634 1125 2687 Johanne
1167 2634 1354 2684 Alastre,
1389 2634 1592 2687 Johanne
1637 2632 1770 2682 Heth,
1806 2633 1996 2674 Ricardo

271 2710 448 2759 Samon,
474 2709 648 2761 Rogero
672 2708 726 2748 de
748 2708 938 2761 Tapton,
963 2714 1005 2748 et
1029 2708 1177 2748 multis
1200 2708 1303 2748 aliis.
1358 2709 1525 2749 Datum
1550 2708 1666 2760 apud
1691 2707 1995 2760 Notyngham,

269 2785 339 2824 die
377 2784 579 2825 Mercurii
617 2782 823 2836 proximo
859 2788 959 2835 post
997 2781 1155 2823 festum
1200 2782 1351 2824 Sancti
1390 2782 1611 2822 Dunstani
1649 2781 1995 2834 Archiepiscopi,

271 2872 386 2899 anno
409 2858 528 2911 regni
554 2857 687 2910 Regis
713 2857 891 2897 Henrici
917 2856 1070 2910 Quinti
1094 2864 1192 2910 post
1217 2858 1546 2910 Conquaestum
1571 2856 1762 2909 Angliae
1785 2856 1964 2908 quarto.’

1678 2941 1794 2982 1311,
1818 2944 1873 2970 ro.
1904 2930 1993 2970 12d.

415 3120 824 3162 XLV11.—Act2·0n
836 3122 918 3172 for
937 3121 1094 3173 slsomey
1105 3121 1309 3174 paz'dfor
1326 3120 1508 3173 Paviug
1525 3120 1688 3173 Pepper
1709 3118 1858 3160 Strect.

941 3213 1057 3263 1418,
1082 3212 1276 3254 October
1301 3221 1332 3263 5.

359 3301 555 3342 Thomas
592 3301 661 3341 del
701 3302 846 3344 Strete
882 3302 1076 3355 queritur
1112 3302 1166 3342 de
1206 3301 1409 3355 Johanne
1452 3300 1674 3354 Crophyll,
1709 3300 1903 3353 skylzner,
1941 3301 1996 3340 de

274 3375 435 3428 placito
477 3375 631 3416 debiti:
673 3375 746 3428 qui
788 3375 932 3428 plures
968 3376 1069 3416 fecit
1111 3375 1306 3417 defaltas.
1371 3375 1429 3415 Et
1472 3375 1589 3414 unde
1629 3375 1833 3429 queritur,
1876 3374 1994 3428 quod
