2165 3835
297 399 376 447 248
560 407 779 439 RECORDs
812 407 872 438 OF
905 407 1005 437 THE
1038 407 1274 438 Uononen
1307 407 1367 438 OF
1402 407 1748 438 NOTTINGHAM.
1885 397 2014 450 [1462

358 545 745 587 CV.—Reductz’012
767 546 821 597 of
842 545 908 585 [lle
930 545 1142 597 Feefel‘ltz
1165 546 1220 597 of
1241 545 1307 585 llce
1335 545 1536 598 Boronglc
1547 546 1629 596 for
1648 551 1804 597 ίῖωεῑιζγ
1815 559 1953 597 years.

996 637 1112 686 1462,
1137 636 1245 688 May
1269 645 1331 686 27.

381 741 678 791 EDWARDUS‚
718 742 800 782 Dei
839 742 988 794 gratia,
1030 743 1129 782 Rex
1166 741 1358 794 Angliae
1395 748 1437 781 et
1476 741 1685 781 Franciae
1722 747 1765 781 et
1801 741 2019 781 Dominus

298 815 546 864 Hiberniae,
589 816 792 855 omnibus
834 816 1003 856 ballivis
1049 823 1091 856 et
1133 815 1331 856 fidelibus
1377 816 1475 865 suis,
1518 816 1573 856 ad
1615 829 1724 868 quos
1767 822 2019 868 praesentes

294 889 462 929 litterae
496 890 780 942 pervenerint,
804 890 999 930 salutem.
1065 890 1234 938 Sciatis,
1264 889 1382 942 quod
1412 903 1501 938 nos,
1525 903 1581 929 ex
1612 896 1730 929 certa
1763 889 1944 930 scientia
1977 895 2021 930 et

294 977 413 1003 mero
448 969 570 1003 motu
605 963 772 1012 nostris,
797 963 1146 1016 perdonavimus,
1175 964 1419 1003 remisimus
1454 970 1496 1003 et
1531 963 1837 1013 relaxavimus,
1866 970 1909 1004 et
1944 977 2020 1017 per

294 1043 544 1089 praesentes
567 1037 872 1089 perdonamus,
896 1037 1158 1078 remittimus
1181 1044 1225 1077 et
1254 1037 1514 1086 relaxamus
1538 1051 1616 1090 pro
1642 1037 1767 1077 nobis
1798 1044 1840 1078 et
1868 1037 2020 1078 hered-

296 1111 390 1151 ibus
425 1111 593 1159 nostris,
625 1125 738 1150 nunc
775 1111 944 1164 Majori,
974 1111 1329 1160 Vicecomitibus,
1361 1111 1656 1164 Burgensibus
1692 1117 1734 1151 et
1770 1111 2020 1151 hominibus

293 1185 420 1225 villae
462 1192 635 1225 nostrae
678 1185 991 1238 Notyngham',
1034 1193 1076 1226 et
1124 1199 1273 1225 eorum
1323 1185 1554 1225 heredibus
1597 1192 1640 1225 et
1688 1185 2020 1234 successoribuS,

295 1273 573 1312 quocumque
605 1259 781 1299 nomine
811 1259 1072 1312 incorporati
1096 1259 1161 1299 vel
1193 1259 1431 1312 nuncupati
1455 1259 1612 1299 fuerint
1643 1273 1717 1299 seu
1750 1266 2020 1309 censeantur,

296 1333 449 1386 viginti
479 1333 608 1373 libras
638 1333 910 1386 parcell[am]
934 1334 1253 1386 quinquaginta
1275 1341 1463 1387 quatuor
1491 1334 1696 1374 librarum
1724 1340 1766 1374 et
1788 1334 2021 1374 duodecim

295 1407 533 1447 solidorum
569 1407 623 1447 de
659 1406 782 1447 firma
816 1407 942 1447 villae
976 1408 1236 1460 praedictae,
1260 1408 1314 1448 de
1348 1408 1504 1461 quibus
1540 1408 1670 1448 iidem
1707 1407 1862 1461 Major,
1895 1408 2022 1449 Vice-

295 1482 488 1530 comites,
526 1482 769 1533 Burgenses
805 1488 846 1521 et
880 1481 1080 1521 homines
1115 1482 1257 1522 dictae
1291 1482 1418 1522 villae
1452 1496 1555 1535 erga
1591 1496 1670 1522 nos
1709 1488 1945 1522 onerantur
1979 1482 2021 1522 in

298 1556 526 1597 Scaccario
549 1562 698 1596 nostro
720 1556 774 1595 de
797 1556 976 1595 recordo
999 1570 1074 1609 per
1097 1570 1255 1596 nomen
1282 1557 1551 1596 ‘Hominum
1570 1556 1697 1596 villae
1721 1556 2022 1609 Notyngham'

296 1631 350 1670 de
383 1629 507 1669 firma
540 1630 665 1670 villae
699 1630 863 1680 suae;‘1
902 1637 945 1670 et
978 1631 1257 1670 concedimus
1291 1645 1366 1684 per
1398 1637 1658 1684 praesenteS,
1692 1631 1809 1683 quod
1840 1630 2022 1683 praefati

297 1718 410 1744 nunc
447 1703 601 1756 Major,
638 1704 941 1752 Vicecomites,
982 1705 1226 1757 Burgenses
1264 1711 1305 1745 et
1343 1705 1542 1745 homines
1577 1705 1773 1758 ejusdem
1808 1704 1946 1753 villae,
1981 1710 2024 1745 et

296 1792 445 1818 eorum
488 1778 668 1818 heredes
711 1785 753 1819 et
795 1793 1074 1828 successores,
1117 1780 1172 1819 (le
1209 1780 1441 1832 praedictis
1483 1780 1637 1833 viginti
1676 1779 1793 1819 libris
1836 1778 2024 1832 parcella

296 1853 615 1906 praedictarum
647 1853 967 1906 quinquaginta
994 1861 1181 1906 quatuor
1211 1854 1415 1893 librarum
1449 1861 1491 1894 et
1520 1854 1752 1894 duodecim
1783 1853 2022 1893 solidorum

296 1928 350 1967 de
374 1926 496 1966 firma
528 1927 654 1966 villae
684 1928 932 1980 praedictae
959 1928 1144 1968 durante
1173 1929 1360 1968 termino
1390 1928 1542 1981 viginti
1573 1941 1786 1968 annorum
1817 1928 2023 1980 proximo

296 2002 571 2054 sequentium
603 2015 704 2054 erga
735 2015 812 2041 nos
845 2009 887 2041 et
920 2002 1101 2042 heredes
1134 2009 1305 2042 nostros
1339 2003 1565 2042 annuatim
1597 2002 1637 2041 in
1669 2001 1885 2041 solutione
1909 2001 2023 2041 feodi

295 2076 438 2116 dictae
462 2075 610 2114 firmae
645 2075 841 2128 ejusdem
877 2075 1003 2115 villae
1032 2076 1165 2128 quieti
1201 2076 1286 2116 sint
1315 2083 1358 2116 et
1387 2076 1636 2125 exonerati;
1669 2082 1711 2116 et
1742 2076 1860 2128 quod
1891 2076 2022 2115 iidem

297 2149 451 2202 Major,
475 2149 778 2197 Vicecomites,
805 2150 1048 2202 Burgenses
1081 2157 1123 2190 et
1155 2150 1364 2199 homines,
1388 2157 1431 2190 et
1463 2164 1612 2190 eorum
1646 2150 1826 2190 heredes
1856 2156 1899 2190 et
1929 2163 2023 2189 suc-

297 2237 497 2271 cessores,
521 2230 700 2263 teneant
733 2223 879 2263 villam
913 2224 1181 2276 praedictam
1206 2225 1260 2264 de
1292 2225 1456 2264 eisdem
1490 2225 1642 2277 viginti
1677 2224 1794 2264 libris
1817 2223 1951 2276 quieti
1981 2229 2024 2264 et

297 2297 523 2337 exonerati
553 2311 655 2349 erga
687 2311 765 2337 nos
798 2305 841 2337 et
873 2297 1052 2338 heredes
1085 2305 1256 2338 nostros
1279 2299 1464 2338 durante
1496 2299 1683 2338 termino
1712 2298 1946 2351 praedict0‚
1970 2311 2022 2338 eo

297 2371 414 2424 quod
442 2371 496 2411 de
525 2371 617 2411 aliis
641 2371 766 2411 donis
795 2372 884 2411 sive
914 2372 1267 2412 concessionibus
1291 2373 1523 2425 praedictis
1555 2386 1669 2412 nunc
1703 2372 1873 2425 Majori,
1896 2372 2040 2412 Vice-·

297 2445 540 2495 comitibus,
577 2446 871 2498 Burgensibus
905 2452 948 2486 et
982 2446 1231 2487 hominibus
1266 2447 1408 2487 dictae
1442 2447 1570 2487 villae
1606 2453 1681 2487 aut
1717 2459 1866 2486 eorum
1901 2460 2023 2499 prae-

298 2519 596 2559 decessoribus
619 2534 695 2572 per
717 2533 795 2559 nos
814 2527 889 2560 aut
911 2520 1100 2573 aliquem
1119 2522 1447 2574 progenitorum
1471 2528 1718 2562 nostrorum
1737 2527 1811 2561 aut
1834 2520 2023 2573 aliquem

298 2594 352 2633 de
385 2592 500 2633 facto
534 2600 577 2634 et
607 2607 693 2634 non
727 2595 781 2634 de
811 2594 906 2647 jure
940 2608 1078 2647 nuper
1111 2595 1283 2647 Regum
1317 2595 1508 2648 Angliae
1540 2595 1582 2635 in
1615 2595 1917 2648 praesentibus
1946 2608 2024 2634 ex-

299 2682 447 2720 pressa
499 2668 663 2708 mentio
705 2682 791 2708 non
835 2669 996 2718 existit,
1035 2676 1109 2709 aut
1159 2669 1304 2722 aliquo
1352 2670 1540 2716 Statuto,
1588 2668 1872 2725 ordinatione,
1914 2675 2024 2717 actu,

300 2741 569 2781 restrictione
592 2741 657 2781 vel
682 2756 725 2781 re
748 2742 892 2794 aliqua
916 2743 957 2782 in
981 2743 1245 2783 contrarium
1271 2743 1394 2783 factis
1418 2757 1504 2783 non
1529 2742 1815 2783 obstantibus,

388 2817 438 2856 In
462 2816 583 2868 cujus
608 2816 664 2855 rei
689 2817 987 2856 testimonium
1011 2817 1088 2857 has
1112 2817 1276 2858 litteras
1303 2824 1472 2857 nostras
1496 2816 1585 2856 fieri
1608 2815 1787 2856 fecimus
1810 2822 2022 2868 patentes.

300 2890 433 2930 Teste
456 2903 525 2929 me
548 2890 652 2942 ipso,
677 2891 792 2942 apud
818 2891 1048 2943 Leycestr’,
1072 2891 1277 2931 vicesimo
1305 2892 1493 2944 septimo
1516 2891 1585 2930 die
1617 2890 1734 2939 Maii,
1759 2903 1874 2930 anno
1904 2891 2024 2943 regni

301 2964 437 3004 nostri
460 2964 662 3003 secundo.

390 3039 469 3078 Per
507 3038 643 3077 Breve
677 3038 731 3078 de
770 3038 943 3079 Privato
982 3039 1136 3092 Sigillo
1179 3045 1221 3079 et
1258 3039 1312 3079 de
1349 3039 1453 3079 data
1494 3038 1728 3091 praedicta,
1766 3038 2025 3079 auctoritate

304 3111 594 3152 Parliamenti.
1939 3113 2023 3152 Ive.

388 3184 668 3238 [Emz'orseds]
724 3187 982 3227 Irrotulatur
1024 3188 1063 3227 in
1113 3187 1413 3227 Memorandis
1457 3187 1510 3227 de
1557 3201 1672 3227 anno
1713 3194 1842 3228 sexto
1889 3186 2023 3239 Regis

369 3311 378 3324 ¹
403 3307 484 3338 This
501 3319 566 3339 was
585 3308 640 3340 the
656 3309 738 3339 sorni
763 3310 801 3340 of
819 3315 912 3351 entry
928 3321 1017 3351 upon
1042 3311 1097 3342 the
1229 3310 1376 3351 tingham
1407 3315 1500 3351 entry
1527 3310 1560 3341 in
1591 3311 1727 3348 Madox,
1757 3310 1895 3350 Histoqv
1919 3308 2026 3349 oftlze

306 3359 386 3401 Pipe
412 3361 513 3393 Rolls,
565 3362 626 3394 See
650 3373 691 3393 an
714 3364 862 3404 example
880 3364 918 3394 of
938 3365 992 3395 the
1015 3365 1097 3395 Not·
1230 3365 1431 3406 Earlchner,
1458 3366 1477 3397 i.
1503 3365 1576 3404 287,
1595 3370 1672 3397 note
1696 3376 1746 3396 m:
1775 3366 1782 3380 ‘
1797 3364 1960 3396 Homines
1984 3363 2024 3395 de
