2165 3835
327 433 406 474 342
590 429 809 462 RECORDS
842 429 901 461 OF
934 428 1034 459 THE
1066 428 1302 460 BOROUGH
1336 428 1396 459 OF
1430 426 1777 458 NOTTINGHAM.
1914 417 2044 470 [1484

329 553 563 602 Dioecesis‚
607 566 744 606 nuper
785 552 910 593 nobis
952 551 1031 592 fuit
1073 551 1335 599 intimatum,
1378 549 1494 602 quod
1537 562 1634 588 cum
1688 549 1767 601 ipsi
1822 548 1966 601 Major
2006 554 2049 588 et

327 628 572 680 Burgenses
600 626 814 679 quasdam
845 625 1085 666 evidentias
1117 625 1320 677 antiquas
1354 623 1671 665 Communitati
1704 623 1899 676 ejusdem
1922 622 2049 663 villae

325 702 379 743 de
412 700 702 754 Notyngham
735 706 1016 753 opportunas,
1047 705 1094 740 ut
1126 704 1411 746 asseruerunt,
1442 704 1484 738 et
1516 697 1782 750 pertinentes
1809 696 2049 750 [habeant],

325 788 423 816 cum
457 781 499 816 et
531 776 586 816 de
618 774 774 828 quibus
804 775 944 815 dictos
977 774 1193 826 Majorern
1224 779 1266 813 et
1300 773 1544 825 Burgenses
1574 772 1616 811 in
1646 771 1824 811 diversis
1854 770 2050 824 partibus

324 856 368 891 et
404 850 508 890 locis
546 849 675 902 longe
712 848 976 889 distantibus
1014 846 1144 887 fidem
1183 846 1322 886 facere
1363 852 1594 898 oporteret,
1631 845 1769 885 dictas
1811 844 2050 885 evidentias

324 923 556 978 originales
586 930 679 964 tum
710 929 888 976 propter
917 922 1118 962 timorem
1149 920 1497 973 consumptionis
1525 919 1857 972 amissionisque
1883 932 2050 958 earum-

325 999 437 1048 dem,
460 1005 554 1039 tum
578 1003 755 1051 propter
776 997 883 1037 alios
906 996 1098 1036 diversos
1121 1001 1164 1035 et
1186 995 1390 1035 adversos
1413 1007 1538 1034 casus
1561 993 1634 1046 qui
1657 993 1833 1046 quidem
1858 992 2052 1032 accidere

326 1071 575 1126 frequenter
603 1077 787 1125 possunt
817 1070 1113 1123 multipliciter
1135 1075 1336 1109 verentur
1362 1074 1404 1108 et
1435 1067 1692 1108 formidant:
1724 1081 1858 1120 quare
1880 1081 1904 1107 a
1927 1067 2051 1107 nobis

325 1148 368 1188 in
392 1147 493 1188 villa
515 1147 570 1188 de
592 1146 882 1199 Notyngham
907 1145 1130 1198 praedicta
1152 1158 1227 1197 per
1249 1142 1467 1196 praefatos
1495 1141 1710 1194 Majorem
1735 1147 1777 1181 et
1808 1141 2052 1193 Burgenses

325 1235 424 1262 cum
462 1221 670 1262 instantia
711 1234 798 1261 non
843 1219 1015 1260 modica
1057 1218 1243 1271 petitum
1282 1216 1361 1257 fuit
1398 1215 1705 1268 humiliterque
1746 1215 2051 1268 supplicatum,

325 1297 542 1350 quatinus,
577 1294 825 1349 praemissis
860 1293 1154 1341 consideratis
1190 1297 1454 1332 memoratas
1491 1290 1731 1330 evidentias
1769 1289 1894 1329 nobis
1932 1303 2053 1342 prae-

325 1377 520 1412 sentatas
550 1370 760 1423 inspicere
789 1374 831 1408 et
861 1368 1116 1408 examinare
1145 1379 1404 1415 curaremus,
1429 1372 1481 1415 et,
1505 1365 1539 1405 si
1562 1365 1678 1418 ipsas
1701 1364 1941 1404 evidentias
1965 1377 2052 1403 non

325 1445 499 1486 vitiatas
523 1457 664 1497 neque
686 1444 728 1483 in
753 1443 898 1495 aliqua
920 1448 1043 1494 parte
1066 1446 1290 1493 suspectas
1317 1439 1612 1492 reperiremus,
1636 1439 1811 1479 easdem
1842 1437 2053 1491 publicari

325 1525 369 1560 et
402 1532 478 1572 per
512 1518 745 1558 Notarium
783 1516 1009 1556 Publicum
1045 1514 1338 1567 subscriptum
1374 1513 1620 1562 transsumi,
1653 1513 1895 1566 exemplari
1928 1526 1977 1552 ac
2010 1513 2052 1552 in

325 1598 673 1645 transsumptum
717 1597 759 1631 et
802 1590 842 1629 in
886 1589 1106 1642 publicam
1160 1587 1345 1629 formam
1398 1589 1534 1641 redigi
1587 1587 1736 1637 facere,
1789 1587 2055 1639 ulteriusque

326 1673 517 1708 statuere
569 1672 611 1707 et
662 1666 894 1706 decernere
944 1663 1234 1716 dignaremur,
1278 1669 1324 1703 ut
1366 1662 1616 1715 hujusmodi
1669 1667 1969 1714 transsumpto
2011 1661 2054 1700 in

325 1741 546 1794 publicam
590 1739 775 1781 formam
818 1738 1006 1786 redacto,
1045 1738 1170 1778 sicuti
1212 1737 1445 1789 praedictis
1488 1737 1716 1777 evidentiis
1758 1735 2053 1789 originalibus,

325 1815 456 1868 plena
497 1814 603 1854 fides
646 1813 839 1854 adhiberi
878 1812 1020 1853 valeat
1063 1811 1245 1852 ubilibet
1288 1812 1329 1851 in
1368 1812 1559 1864 agendis.
1636 1811 1833 1864 Quarum
1876 1810 2053 1863 quidem

326 1890 643 1931 evidentiarum
668 1889 753 1928 veri
778 1894 950 1928 tenores
974 1892 1214 1939 sequuntur
1237 1892 1278 1926 et
1302 1892 1402 1926 sunt
1425 1886 1552 1926 tales:

415 1963 681 2006 1‘Omnibus
725 1963 883 2004 Christi
928 1961 1127 2002 fidelibus
1170 1961 1251 2001 hoc
1289 1961 1497 2013 scriptum
1536 1961 1688 2000 visuris
1725 1960 1791 2000 vel
1834 1958 2055 2007 audituris,

327 2037 574 2078 Willelmus
604 2038 644 2078 la
674 2037 848 2086 Corner,
871 2037 925 2077 de
955 2035 1256 2088 Notyngham‚
1280 2035 1465 2075 salutem
1496 2036 1537 2074 in
1568 2035 1771 2075 Domino.
1837 2033 2056 2074 Noveritis

329 2126 409 2162 me,
446 2126 525 2166 pro
562 2112 702 2153 salute
738 2112 910 2152 animae
949 2123 1081 2159 meae,
1120 2110 1302 2158 dedisse,
1341 2109 1605 2149 concessisse
1642 2115 1684 2149 et
1721 2108 1801 2148 hac
1839 2107 2055 2160 praesenti

327 2194 447 2228 carta
469 2201 567 2228 mea
589 2185 870 2227 confirmasse
894 2185 992 2225 Deo
1014 2191 1057 2224 et
1082 2184 1304 2224 Ecclesiae
1329 2184 1490 2224 Beatae
1521 2183 1687 2223 Mariae
1709 2183 1764 2222 de
1788 2181 1990 2224 Shelford
2014 2187 2057 2222 et

329 2262 563 2305 Canonicis
593 2262 754 2302 ibidem
787 2261 884 2300 Deo
912 2258 1210 2307 servientibus,
1233 2258 1275 2297 in
1307 2257 1486 2297 liberam
1517 2263 1559 2297 et
1589 2262 1845 2310 perpetuam
1873 2255 2055 2295 elemos-

328 2337 458 2386 inam,
481 2343 623 2377 totum
657 2341 872 2376 assartum
907 2347 1052 2373 meum
1087 2333 1128 2372 in
1162 2332 1377 2373 territorio
1409 2332 1463 2372 de
1497 2330 1717 2380 Baseford,
1747 2330 1920 2378 scilieet,
1950 2329 2055 2370 illud

329 2417 555 2460 assartum,
579 2410 696 2463 quod
726 2408 843 2462 jacet
872 2408 984 2448 inter
1013 2413 1227 2447 assartum
1258 2407 1375 2459 quod
1400 2406 1480 2446 fuit
1506 2405 1709 2458 Hugonis
1732 2405 1787 2445 de
1810 2404 1886 2444 Bel
1909 2418 2056 2444 versus

329 2486 590 2538 aquilonem,
621 2491 664 2525 et
697 2484 885 2524 Boscum
915 2483 970 2523 de
999 2482 1271 2535 Algesthorp
1294 2495 1441 2522 versus
1475 2487 1681 2530 austrum,
1711 2486 1753 2521 et
1781 2480 1898 2533 jacet
1927 2479 2058 2532 juxta

331 2560 565 2600 Brucetum
600 2557 902 2611 Notyngham'
926 2570 1073 2597 versus
1106 2556 1390 2605 occidentem,
1418 2569 1516 2596 curn
1549 2555 1752 2595 omnibus
1785 2553 2057 2608 pertinentiis

329 2635 428 2684 suis,
451 2633 723 2674 libertatibus
746 2638 789 2672 et
812 2631 1106 2685 aysiamentis,
1130 2631 1221 2670 sine
1244 2630 1390 2683 aliquo
1413 2629 1720 2670 retenimento:
1753 2628 1991 2669 tenendum
2015 2633 2058 2668 et

329 2709 582 2750 habendum
615 2706 820 2760 praefatis
854 2705 1087 2748 Canonicis
1120 2711 1162 2745 et
1195 2717 1343 2744 eorum
1377 2703 1696 2744 successoribus
1730 2702 1871 2751 libere,
1901 2701 2057 2754 quiete,

330 2782 509 2837 pacifice
546 2788 588 2823 et
625 2782 793 2834 integre
830 2781 1163 2832 imperpetuum,
1199 2777 1399 2818 faciendo
1436 2778 1536 2818 inde
1573 2777 1831 2830 capitalibus
1869 2775 2057 2816 dominis

331 2857 445 2898 feodi
469 2855 691 2897 servitium
714 2854 911 2894 debitum
935 2860 978 2894 et
1000 2859 1268 2901 consuetum,
1288 2852 1499 2900 videlicet,
1520 2851 1713 2892 Domino
1738 2851 1848 2903 Regi
1872 2856 2059 2903 quatuor

331 2931 493 2971 solidos
511 2935 554 2970 et
571 2935 739 2982 septem
764 2927 975 2977 denarios,
994 2927 1276 2967 medietatem
1296 2927 1350 2966 ad
1377 2926 1543 2966 Pascha
1560 2932 1602 2966 et
1626 2925 1754 2966 aliam
1775 2925 2055 2965 medietatem

332 3005 386 3045 ad
417 3005 575 3045 festum
610 3002 761 3045 Sancti
795 3001 1043 3051 Michaelis;
1076 3007 1118 3042 et
1149 3002 1279 3042 etiam
1317 3001 1511 3041 Domino
1542 3000 1733 3052 Johanni
1765 2997 1949 3041 Cokfeld
1980 3011 2058 3050 pro

333 3080 487 3121 eodem
526 3084 692 3119 assarto
728 3089 860 3116 unam
896 3075 1049 3116 libram
1086 3075 1245 3128 piperis
1279 3076 1334 3115 ad
1370 3074 1528 3115 festum
1565 3074 1715 3115 Sancti
1751 3072 1980 3125 Botulphi;
2016 3078 2059 3111 et

340 3153 535 3193 Roberto
583 3151 754 3203 Orreby
794 3163 927 3190 unam
971 3149 1126 3189 libram
1170 3149 1329 3202 piperis
1374 3149 1428 3189 ad
1473 3149 1660 3188 eundem
1704 3147 1938 3188 terminum
1981 3159 2059 3198 pro

337 3227 456 3267 omni
486 3226 660 3266 servitio
688 3224 907 3273 saeculari,
930 3223 1163 3264 exactione
1192 3229 1234 3263 et
1265 3223 1496 3263 demando.
1561 3223 1658 3275 Ego
1680 3236 1781 3261 vero
1812 3221 2058 3274 praedictus

402 3337 410 3351 ¹
435 3334 543 3365 There.
570 3333 596 3363 is
623 3331 760 3363 another
787 3341 872 3371 copy
899 3330 935 3360 of
959 3330 1023 3361 this
1047 3330 1130 3361 deed
1262 3329 1381 3370 bishop
1420 3327 1574 3360 Gifsard’s
1612 3328 1734 3359 Award
1772 3327 1810 3358 of
1842 3335 1917 3358 A.D.
1960 3334 2058 3365 12703

336 3387 519 3429 preserved,
539 3386 688 3427 together
714 3385 793 3416 with
818 3395 836 3415 a
861 3395 946 3424 copy
969 3384 1005 3414 of
1026 3384 1129 3415 Arch-
1262 3395 1317 3416 no.
1338 3391 1432 3424 4529.
1485 3385 1547 3415 See
1565 3384 1627 3414 vol.
1649 3383 1683 3421 i.‚
1704 3394 1787 3424 page
1804 3389 1854 3423 52,
1875 3387 1951 3413 note
1973 3390 1997 3412 Ι.
