2165 3835
260 414 339 444 202
524 413 742 445 RECORDs
774 414 835 445 OF
867 414 966 444 THE
1000 414 1235 446 BOROUGH
1268 414 1328 445 OF
1362 413 1709 445 NOTTINGHAM.
1844 404 1973 457 [1448

257 534 403 584 nostri,
426 535 634 576 heredum
670 543 712 577 et
746 550 1043 577 successorum
1079 543 1336 585 nostrorum,
1368 537 1421 576 ad
1457 549 1609 588 pacem
1646 534 1755 575 infra
1788 536 1972 575 eandem

256 608 402 649 villam
426 615 469 649 et
497 609 742 651 libertatem
772 617 815 651 et
844 610 1091 663 procinctus
1120 610 1316 663 ejusdem
1340 609 1466 649 villae
1496 616 1623 662 prout
1652 623 1697 649 se
1726 610 1974 650 extendunt

255 682 322 723 vel
357 689 548 733 utuntur,
578 685 775 738 exceptis
809 685 1143 738 prae-exceptis,
1173 684 1517 724 conservandam
1554 684 1897 736 imperpetuum;
1932 690 1974 724 et

256 757 373 809 quod
408 763 576 810 septem
611 757 902 799 Aldermanni
936 758 1006 808 illi,
1041 772 1131 808 sex,
1162 759 1364 811 quinque,
1388 765 1574 811 quatuor
1611 764 1653 799 et
1687 765 1773 799 tres
1802 758 1972 799 illorum

256 830 460 883 (quorum
495 831 710 884 Majorem
744 832 870 873 villae
903 832 1014 872 illius
1048 847 1126 885 pro
1158 839 1355 885 tempore
1387 832 1651 873 existentem
1685 845 1819 872 unum
1852 845 1973 885 prae-

255 911 422 945 sentem
446 919 539 946 esse
561 906 792 959 volumus),
816 907 990 959 plenam
1014 907 1205 947 habeant
1235 913 1499 959 potestatem
1524 913 1567 947 et
1589 907 1894 947 auctoritatem
1918 907 1973 946 ad

255 979 523 1032 inquirenda,
547 981 765 1021 audienda
787 988 829 1021 et
852 982 1128 1021 terminanda
1150 987 1240 1021 tam
1270 981 1548 1021 omnimodas
1571 979 1762 1029 felonias,
1788 981 1972 1028 murdra,

255 1054 618 1106 transgressiones
641 1062 684 1095 et
707 1055 1021 1107 mesprisiones,
1045 1068 1176 1107 quam
1200 1055 1456 1095 omnimoda
1478 1054 1562 1094 alia
1583 1068 1746 1103 causas,
1765 1054 1973 1107 querelas,

254 1134 532 1180 contemptus
573 1135 616 1169 et
658 1128 898 1178 malefacta,
937 1143 985 1169 ac
1027 1136 1170 1169 cetera
1206 1142 1518 1181 quaecumque,
1556 1142 1667 1181 quae
1708 1129 1762 1168 ad
1806 1129 1973 1181 aliquos

252 1202 517 1254 Justitiarios
553 1203 675 1242 Pacis
710 1203 820 1243 infra
853 1216 1034 1255 regnum
1071 1209 1266 1243 nostrum
1301 1202 1491 1255 Angliae
1525 1202 1743 1255 pertinent
1776 1216 1849 1242 seu
1881 1216 1973 1254 per-

254 1277 392 1317 tinere
414 1283 620 1329 poterunt
646 1290 718 1317 seu
743 1277 967 1318 debebunt
997 1278 1038 1317 in
1063 1276 1256 1318 futurum
1286 1277 1340 1316 ad
1365 1276 1643 1325 audiendum,
1666 1276 1972 1329 inquirendum

254 1356 297 1390 et
331 1350 668 1400 terminandum,
696 1351 761 1391 vel
785 1352 938 1404 quovis
969 1351 1102 1392 modo
1131 1352 1447 1404 corrigendum,
1472 1350 1581 1390 infra
1610 1351 1795 1390 eandem
1826 1350 1973 1390 villam

254 1437 302 1463 ac
325 1423 570 1465 libertatem
601 1431 644 1465 et
673 1425 920 1477 procinctus
950 1425 1146 1478 ejusdem
1177 1432 1305 1478 prout
1335 1439 1380 1465 se
1410 1425 1657 1466 extendunt
1686 1424 1753 1465 vel
1783 1431 1974 1473 utuntur,

253 1499 449 1551 exceptis
482 1499 815 1552 prae-exceptis,
848 1499 1223 1552 qualitercumque
1255 1499 1555 1553 contingentia
1587 1513 1661 1539 seu
1694 1499 1973 1551 emergentia,

253 1585 422 1612 necnon
446 1573 756 1614 correctionem
787 1580 830 1614 et
859 1574 1131 1626 punitionem
1164 1574 1413 1623 eorundem,
1437 1574 1548 1614 adeo
1577 1573 1704 1626 plene
1735 1579 1777 1612 et
1807 1573 1974 1625 integre

253 1646 363 1686 sicut
396 1636 612 1688 Custodes
645 1648 766 1688 Pacis
795 1654 838 1688 et
866 1648 1094 1700 Justitiarii
1125 1648 1179 1688 ad
1204 1647 1395 1697 felonias,
1419 1647 1783 1700 transgressiones
1816 1653 1858 1687 et
1891 1646 1975 1687 alia

254 1720 484 1762 malefacta
526 1722 745 1762 audienda
786 1721 866 1775 [et]
908 1722 1243 1763 determinanda
1284 1722 1492 1774 assignati
1534 1728 1577 1761 et
1619 1721 1881 1774 assignandi,
1925 1734 1973 1760 ac

252 1794 480 1846 Justitiarii
524 1795 866 1848 Servient[i]um,
912 1796 1230 1836 Laboratorum
1278 1802 1321 1836 et
1362 1796 1544 1836 aliorum
1587 1794 1887 1836 Artificiorum
1931 1795 1972 1834 in

255 1868 478 1910 Comitatu
503 1869 804 1922 Notyngham'
827 1883 901 1909 seu
932 1870 1032 1910 alibi
1064 1869 1173 1910 infra
1195 1883 1376 1922 regnum
1407 1876 1602 1910 nostrum
1627 1869 1818 1922 Angliae
1847 1876 1974 1909 extra

253 1943 400 1983 villam
433 1949 476 1984 et
508 1943 753 1984 libertatem
781 1944 1027 1996 praedictas
1054 1944 1217 1984 habent
1244 1957 1318 1984 seu
1352 1943 1575 1984 habebunt
1598 1943 1974 1996 qualitercumque

254 2017 295 2055 in
319 2015 521 2057 futurum.

341 2091 646 2132 Concessimus
674 2093 858 2145 insuper,
882 2106 938 2132 ex
963 2106 1082 2133 mero
1113 2100 1234 2133 motu
1258 2099 1300 2132 et
1330 2099 1447 2133 certa
1469 2093 1649 2133 scientia
1671 2092 1829 2132 nostris
1851 2105 1972 2145 prae-

253 2165 390 2214 dictis,
413 2179 491 2218 pro
514 2166 649 2214 nobis,
673 2167 903 2206 heredibus
934 2173 976 2207 et
1005 2167 1325 2207 successoribus
1355 2167 1512 2206 nostris
1542 2166 1784 2219 praedictis,
1808 2166 1971 2206 eisdem

255 2239 549 2292 Burgensibus
592 2240 719 2280 villae
761 2241 1019 2293 praedictae,
1063 2254 1111 2280 ac
1161 2240 1391 2280 heredibus
1434 2246 1475 2280 et
1525 2240 1843 2280 successoribus
1885 2240 1973 2280 suis

254 2314 586 2366 imperpetuum,
610 2315 727 2366 quod
751 2315 830 2367 ipsi
855 2315 1175 2367 imperpetuum
1199 2314 1391 2354 habeant
1413 2314 1669 2353 omnimoda
1687 2312 1804 2362 fines,
1827 2314 1972 2353 exitus

253 2385 505 2436 forisfactos,
529 2394 572 2427 et
601 2388 941 2428 amerciamenta
970 2402 1115 2428 coram
1147 2388 1363 2440 aliquibus
1386 2387 1700 2427 Aldermannis
1730 2393 1772 2428 et
1803 2387 1973 2441 Majore

253 2461 448 2513 ejusdem
490 2461 617 2501 villae
658 2468 701 2502 et
739 2462 1006 2503 Custodibus
1051 2462 1183 2510 Pacis,
1222 2475 1296 2502 seu
1340 2461 1506 2501 ratione
1542 2461 1809 2513 Justitiariae
1849 2462 1972 2501 Pacis

253 2535 427 2585 ibidem,
454 2535 569 2576 facta
598 2535 664 2575 vel
695 2535 848 2585 fienda,
872 2535 1091 2577 forisfacta
1117 2549 1191 2576 seu
1224 2534 1482 2583 forisfienda,
1514 2541 1587 2575 aut
1625 2534 1791 2575 ratione
1824 2534 1971 2587 hujus-

254 2611 371 2651 modi
400 2611 667 2663 Justitiariae
701 2611 822 2651 Pacis
855 2611 1016 2651 ibidem
1050 2610 1160 2650 infra
1192 2610 1376 2650 eandem
1400 2609 1547 2649 villam
1574 2622 1623 2648 ac
1653 2609 1897 2649 libertatem
1928 2616 1972 2650 et

253 2684 499 2736 procinctus
537 2684 732 2736 ejusdem
766 2684 893 2724 villae
925 2691 1053 2736 prout
1090 2698 1135 2724 se
1167 2684 1415 2724 extendunt
1451 2682 1517 2722 vel
1551 2689 1741 2732 utuntur,
1774 2683 1971 2736 exceptis

253 2758 584 2810 prae-exceptis
619 2758 993 2810 qualitercumque
1025 2758 1334 2811 provenientia,
1369 2770 1444 2809 per
1481 2757 1700 2797 ministros
1738 2770 1838 2797 suos
1873 2772 1970 2810 pro-

253 2832 367 2883 prios
390 2831 575 2871 levanda
598 2838 640 2871 et
662 2832 951 2884 percipienda,
971 2832 1012 2871 in
1037 2832 1250 2872 auxilium
1274 2838 1316 2871 et
1339 2831 1715 2883 supportationem
1739 2831 1969 2884 grandium

252 2918 431 2944 onerum
466 2905 606 2944 eidem
641 2905 767 2944 villae
802 2906 843 2944 in
878 2906 969 2945 dies
1007 2906 1352 2945 incumbentium
1391 2911 1466 2945 aut
1500 2905 1540 2944 in
1580 2905 1733 2944 eadem
1772 2906 1970 2958 conting-

252 2979 417 3018 entium
441 2985 483 3018 et
505 2979 830 3030 emergentium.
897 2979 954 3019 Et
977 2980 1093 3032 quod
1117 2980 1326 3032 praedicti
1357 2992 1471 3018 nunc
1499 2979 1743 3031 Burgenses
1773 2979 1968 3032 ejusdem

252 3052 378 3092 villae
413 3052 724 3104 Notyngham',
760 3066 996 3105 eorumque
1033 3053 1213 3093 heredes
1250 3059 1292 3092 et
1330 3065 1597 3092 successores
1635 3052 1969 3105 imperpetuum,

252 3126 442 3166 habeant
472 3125 787 3166 forisfacturam
817 3126 1013 3166 omnium
1044 3126 1295 3166 victualium
1328 3124 1437 3165 infra
1466 3125 1612 3164 villam
1647 3132 1689 3165 et
1721 3126 1968 3178 procinctus

252 3199 346 3239 illos
389 3212 463 3251 per
505 3198 644 3251 legem
688 3198 878 3251 Angliae
919 3199 1293 3252 qualitercumque
1334 3198 1701 3249 forisfiendarum3
1753 3200 1965 3250 videlicet,

252 3272 387 3325 panis,
416 3272 502 3312 vini
537 3278 579 3312 et
613 3272 826 3321 cervisiae,
857 3286 905 3312 ac
939 3273 1121 3313 aliorum
1157 3273 1408 3313 victualium
1443 3286 1829 3326 quorumcumque,
1857 3288 1968 3326 quae

255 3346 308 3385 ad
334 3345 626 3385 mercandisas
653 3358 739 3384 non
764 3346 990 3397 pertinent.
