2165 3835
329 403 409 453 338
591 408 810 440 RECORDS
843 408 903 439 OF
936 407 1036 438 THE
1069 407 1304 439 BOROUGH
1338 408 1398 439 OF
1433 408 1779 439 NOTTINGHAM.
1916 399 2047 452 [1484

328 533 606 581 contradixit,
633 538 676 573 et
708 531 850 572 adhuc
881 530 1048 571 solvere
1080 530 1359 581 contradicit,
1391 531 1445 571 ad
1479 543 1610 583 grave
1642 530 1884 583 dampnum
1917 531 2050 584 ipsius

329 609 569 662 querentis:
601 614 643 647 et
676 607 791 647 unde
814 606 928 655 dicit,
952 606 1070 658 quod
1093 605 1379 646 deterioratus
1409 611 1474 645 est
1504 611 1546 645 et
1568 605 1810 657 dampnum
1840 604 1973 645 habet
1996 605 2050 645 ad

327 682 562 722 valentiam
597 695 712 731 xxs.;
749 686 792 720 et
826 680 927 720 inde
960 679 1160 732 producit
1193 685 1368 719 sectam.
1434 679 1491 719 Et
1524 678 1771 731 praedictus
1801 677 2051 728 defendens,

328 770 404 808 per
437 756 681 796 &Valterum
715 755 866 794 Bowes
899 760 942 794 et
974 753 1222 806 Johannern
1257 752 1465 805 Whetley
1499 758 1743 793 attornatos
1777 765 1889 802 suos,
1921 752 2051 802 venit,

328 838 405 872 etc.
471 830 528 870 Et
565 829 698 870 habet
734 829 849 869 diem
893 841 1030 881 usque
1071 827 1112 867 in
1151 827 1220 867 die
1262 827 1464 867 Mercurii
1508 827 1711 879 proximo
1753 833 1854 867 ante
1892 826 2050 867 festum

331 904 503 945 Natalis
528 903 707 944 Domini
731 903 936 956 proximo
958 902 1180 950 futurum‚1
1204 914 1330 954 prece
1352 901 1551 953 partium.

414 978 577 1018 Adhuc
614 978 705 1017 dies
742 977 870 1017 datus
912 982 977 1016 est
1018 975 1213 1028 partibus
1255 974 1486 1027 praedictis
1529 988 1665 1028 usque
1708 975 1750 1014 in
1787 974 1857 1015 die
1901 975 2053 1015 Lunae

329 1052 533 1106 proximo
555 1058 656 1092 ante
678 1051 837 1092 festum
862 1049 1168 1092 Conversionis
1193 1049 1314 1089 Pauli
1336 1049 1552 1102 proximo,
1570 1055 1660 1098 etc„
1683 1062 1810 1102 prece
1832 1049 2031 1102 partium.

417 1127 475 1167 Et
508 1126 755 1179 praedictus
792 1124 1016 1173 Ricardus,
1048 1123 1177 1173 Prior,
1204 1137 1279 1176 per
1313 1122 1557 1164 WValterum
1593 1124 1746 1163 Bowes
1780 1128 2051 1164 attornatum

329 1214 466 1250 suum,
490 1200 604 1249 dicit,
628 1200 744 1252 quod
778 1199 870 1251 ipse
902 1197 1068 1238 nullum
1102 1197 1227 1237 inde2
1260 1198 1522 1250 respondere
1554 1197 1723 1247 debeat,
1757 1196 1873 1250 [nec]
1906 1210 2051 1238 coram

329 1274 544 1327 aliquibus
573 1273 816 1326 justitiariis
845 1272 1137 1312 saecularibus
1165 1285 1419 1324 comparare
1441 1271 1648 1325 deb[eat],
1672 1272 1774 1325 quia
1796 1272 1910 1321 dicit,
1935 1272 2051 1325 quod

331 1349 548 1389 Dominus
575 1347 790 1387 Henricus
813 1347 987 1386 Tertius
1011 1360 1035 1386 a
1059 1346 1267 1399 Quaestu,
1294 1347 1392 1386 Rex
1416 1346 1617 1399 Angliae‚
1642 1360 1718 1399 per
1740 1352 1904 1386 cartam
1929 1359 2051 1386 suam

328 1422 450 1476 cujus
473 1423 577 1463 data
600 1428 664 1462 est
687 1420 791 1474 xij
814 1421 883 1460 die
908 1420 1025 1469 Maii,
1049 1433 1165 1460 anno
1194 1421 1314 1473 regni
1345 1421 1409 1460 sui
1440 1420 1623 1469 xxxixo,
1647 1419 1860 1460 concessit
1891 1419 1988 1459 Deo
2011 1426 2053 1460 et

1801 1493 1819 1521 3

330 1497 575 1539 Conventui
600 1494 919 1536 Monachorum
945 1494 1135 1535 Sanctae
1157 1494 1385 1535 Trinitatis
1403 1495 1457 1534 de
1483 1495 1655 1535 Lenton

415 1570 577 1610 Adhuc
619 1571 710 1610 dies
747 1569 875 1609 datus
912 1574 976 1608 est
1018 1567 1214 1621 partibus
1256 1568 1488 1620 praedictis
1530 1582 1667 1621 usque
1708 1569 1750 1608 in
1788 1568 1859 1609 die
1902 1568 2055 1608 Lunae

328 1646 531 1699 proxima
584 1644 714 1686 Curia
764 1642 969 1696 proximo
1020 1649 1119 1695 post
1162 1641 1319 1682 festum
1375 1642 1523 1683 Sancti
1578 1641 1796 1683 Matthiae
1847 1641 2051 1695 Apostoli

329 1721 533 1773 proximo
557 1717 781 1767 futurumst
803 1730 929 1770 prece
951 1717 1150 1769 partium.
1786 1725 1902 1767 1372,
1926 1729 1963 1768 p.
1989 1716 2051 1755 88.

551 1924 1116 1967 CXL11.—l>rcsentmenss
1138 1923 1185 1974 hy
1211 1921 1449 1964 Constables
1469 1936 1518 1962 or
1537 1922 1830 1963 Decennarz'es.

1114 2014 1277 2064 1483-4.

414 2106 638 2160 Johannes
674 2105 852 2153 Mastur,
887 2104 1111 2157 Johannes
1148 2104 1289 2152 Essot,
1327 2103 1587 2156 Radulphus
1624 2104 1717 2144 Ball
1753 2111 1795 2145 ct
1827 2104 2053 2157 Johannes

330 2181 499 2229 Calton,
536 2178 869 2227 constabularii,
908 2184 997 2226 ete,
1036 2178 1197 2226 dicunt,
1235 2191 1363 2230 super
1400 2184 1722 2218 sacramentum
1760 2192 1897 2227 suum,
1936 2178 2053 2231 quod

328 2255 525 2296 Thomas
557 2253 787 2302 Bowsdun,
807 2252 979 2305 φονίαν,
1002 2252 1073 2292 die
1104 2252 1257 2292 Lunae
1286 2252 1327 2291 in
1353 2251 1463 2292 festo
1494 2252 1645 2293 Sancti
1672 2252 1877 2292 Edwardi
1907 2252 2052 2304 Regis,

329 2343 445 2369 anno
467 2328 587 2381 regni
612 2328 746 2380 Regis
772 2327 947 2367 Ricardi
971 2326 1106 2366 Tertii
1132 2325 1342 2379 [primo],5
1365 2325 1573 2366 insultum
1597 2325 1697 2366 fecit
1720 2339 1818 2366 cum
1843 2326 2055 2379 sanguine

329 2416 457 2456 super
481 2402 756 2455 Stephanum
783 2400 1062 2449 Hinderwell,
1087 2406 1239 2440 contra
1261 2414 1414 2453 pacem
1440 2400 1619 2440 Domini
1647 2400 1792 2453 Regis,
1815 2407 1893 2441 etc.

418 2476 630 2517 Ricardus
655 2476 898 2517 Stevenson
918 2480 960 2515 et
982 2474 1206 2527 Johannes
1229 2474 1439 2523 Wodson,
1458 2474 1765 2515 Constabilarii
1789 2475 1830 2514 in
1854 2474 2053 2514 Walsed-

329 2557 440 2604 gate,
464 2551 624 2598 dicunt,
647 2563 775 2602 super
797 2555 1119 2589 sacramentum
1147 2562 1284 2597 suum,
1309 2549 1425 2601 quod
1455 2548 1680 2601 Johannes
1712 2548 1856 2597 Dand,
1880 2562 2053 2600 weyver,

330 2624 537 2665 insultum
573 2623 673 2663 fecit
706 2636 804 2662 cum
840 2623 1051 2675 sanguine
1085 2636 1213 2675 super
1250 2622 1490 2662 Henricum
1527 2623 1871 2676 Brantyngham,
1903 2628 2054 2663 contra

329 2711 493 2751 pacem,
517 2698 586 2738 die
610 2697 764 2737 Martis
787 2697 991 2749 proximo
1014 2703 1115 2737 ante
1138 2695 1296 2737 festum
1326 2696 1611 2749 Epiphaniae,
1635 2710 1751 2737 anno
1774 2697 1893 2750 regni
1920 2696 2053 2749 Regis

332 2771 507 2813 Ricardi
531 2771 667 2811 Tertii
692 2769 866 2823 primo.6
1792 2766 1794 2769 ’

419 2847 531 2887 Item
555 2845 715 2894 dicunt,
733 2845 850 2897 quod
874 2845 1135 2897 Margareta,
1154 2857 1267 2884 uxor
1290 2843 1470 2884 Roberti
1488 2844 1697 2896 Johnson,
1722 2850 1786 2885 est
1809 2844 2053 2884 communis

330 2920 454 2961 skold
469 2933 567 2960 cum
592 2919 741 2959 vicinis
764 2919 861 2968 suis,
885 2925 1036 2959 contra
1058 2931 1222 2971 pacem,
1246 2924 1323 2958 etc.

419 2994 637 3035 Robertus
662 2992 893 3045 Colswayn
917 2999 959 3033 et
982 2992 1177 3032 Thomas
1202 2991 1334 3041 Coke,
1359 2990 1719 3044 Const[abularii]
1743 2992 1797 3031 de
1819 2991 2051 3044 Gosegate,

331 3069 492 3118 dicunt,
510 3081 638 3120 super
660 3073 981 3107 sacramentum
1005 3079 1142 3115 suum,
1161 3065 1278 3118 quod
1300 3064 1524 3117 Johannes
1544 3064 1728 3117 Stabley
1746 3071 1788 3105 et
1806 3064 2053 3105 Willelmus

333 3142 599 3194 Cambridge
627 3140 835 3181 insultum
864 3140 1058 3181 fecerunt
1083 3153 1181 3180 cum
1213 3139 1434 3192 sanguine,
1457 3145 1546 3188 ete,
1571 3139 1687 3191 apud
1719 3138 1923 3189 Beklane,
1946 3138 2055 3179 alter

332 3230 461 3269 super
482 3215 639 3256 altrum
663 3221 705 3255 et
728 3215 770 3254 in
793 3214 1016 3255 ambobus.
1082 3214 1188 3254 Ideo
1211 3213 1252 3253 in
1277 3212 1580 3253 misericordia.
1756 3223 1873 3264 1372,
1896 3226 1934 3265 p.
1964 3213 2051 3252 180.

398 3317 407 3331 ¹
432 3314 653 3354 XVednesday,
673 3313 858 3344 December
875 3321 926 3350 24,
946 3311 1036 3351 1483.
1322 3312 1335 3332 3
1358 3310 1428 3341 The
1446 3315 1538 3351 entry
1554 3310 1591 3341 of
1603 3310 1658 3341 the
1675 3310 1811 3342 defence
1830 3310 1962 3341 finishes
1979 3309 2054 3341 thus

398 3372 409 3386 ²
433 3369 534 3409 z'nde‚]
555 3370 563 3384 ‘
575 3367 685 3407 unde‚'
702 3368 776 3400 MS.
1258 3366 1420 3409 abruptly.
