2165 3835
278 420 361 459 214
542 416 761 449 RECORDS
794 416 854 448 OF
887 416 987 446 THE
1019 415 1256 448 BOROUGH
1288 414 1349 447 oF
1383 413 1729 446 NOTTINGHAM.
1866 404 1993 458 [1453

280 541 386 581 citra
408 539 566 581 festum
598 539 851 579 Nativitatis
883 539 1033 580 Sancti
1065 537 1278 591 Johannis
1309 536 1544 589 Baptistae,
1568 548 1683 575 anno
1712 535 1831 588 regni
1862 536 1996 577 nostri

280 614 487 655 vicesimo
518 627 646 662 nono,
679 619 722 654 et
754 619 855 653 ante
888 612 1053 652 dictum
1088 612 1203 652 diem
1239 612 1497 651 Parasceves
1529 611 1584 650 de
1616 610 1998 663 perquisitionibus

281 690 522 730 litterarum
552 694 594 728 et
624 687 846 728 Bullarum
881 686 1239 740 Apostolicarum
1275 685 1594 738 praedictarum
1629 691 1780 725 contra
1813 684 1997 724 formam

282 765 570 812 statutorum,
607 761 932 802 ordinationum
975 767 1017 801 et
1058 759 1354 813 provisionum
1396 759 1717 812 praedictorum
1756 757 1890 807 factis,
1925 764 2000 799 aut

281 839 336 878 de
365 837 579 890 aliquibus
612 836 705 876 aliis
734 835 861 875 rebus
890 834 1223 888 perquisitiones
1252 832 1502 886 hujusmodi
1532 838 1607 872 aut
1636 832 1823 881 Statuta,
1855 832 1999 872 ordin-

282 912 450 953 ationes
472 917 515 952 et
537 910 804 964 provisiones
834 909 907 949 illa
935 908 1228 961 tangentibus,
1257 907 1487 960 pendebat,
1506 907 1651 960 quoad
1682 906 1736 955 id,
1754 905 2001 947 nullatenus

282 999 329 1026 se
350 985 573 1026 extendat.

372 1059 430 1099 Et
459 1059 643 1112 insuper,
667 1059 721 1098 de
750 1057 935 1098 uberiori
964 1056 1104 1109 gratia
1133 1061 1291 1104 nostra,
1314 1055 1664 1108 perdonavimus
1687 1054 1931 1095 remisimus
1960 1061 2003 1095 et

284 1134 577 1174 relaxavimus
611 1131 816 1185 praefatis
854 1130 1012 1183 Majori
1045 1136 1087 1170 et
1123 1129 1416 1182 Burgensibus
1451 1128 1728 1168 omnimodas
1760 1141 1924 1181 poenas
1961 1135 2004 1169 et

284 1207 543 1261 punitiones,
567 1219 685 1258 quas,
712 1204 1013 1245 occasionibus
1043 1204 1275 1256 praedictis
1310 1216 1384 1242 seu
1420 1216 1568 1242 earum
1604 1202 1758 1255 aliqua,
1790 1216 1892 1255 erga
1925 1216 2004 1242 nos

284 1282 498 1322 incurrere
534 1280 753 1328 deberent,
787 1292 835 1318 ac
873 1291 1025 1318 omnes
1062 1284 1104 1318 et
1141 1278 1418 1317 omnimodas
1454 1276 1745 1317 forisfacturas
1783 1283 2004 1326 terrarum,

284 1361 646 1402 tenementorum,
699 1352 959 1400 reddituum,
1004 1352 1340 1404 possessionum,
1388 1351 1602 1391 bonorum
1654 1357 1697 1390 et
1748 1351 2003 1391 catallorum

285 1442 460 1469 suorum
498 1440 874 1481 quorumcumque
911 1425 1046 1475 nobis,
1084 1425 1384 1466 occasionibus
1423 1425 1515 1474 illis,
1552 1438 1626 1465 seu
1664 1438 1811 1465 earum
1850 1425 2005 1478 aliqua,

287 1503 554 1557 pertinentes
577 1502 666 1541 sive
688 1506 946 1553 spectantes.

375 1577 552 1617 Proviso
583 1575 727 1623 etiam,
755 1574 873 1627 quod
907 1587 1111 1626 praesens
1143 1573 1413 1626 perdonatio,
1444 1572 1639 1613 remissio
1671 1572 1761 1613 sive
1792 1572 2007 1613 relaxatio

287 1657 435 1692 nostra
467 1665 511 1690 se
548 1663 634 1690 non
673 1648 886 1689 extendat
924 1648 978 1688 ad
1016 1648 1205 1700 aliquem
1243 1647 1425 1699 illorum,
1458 1647 1531 1700 qui
1564 1647 1830 1687 venerabiles
1863 1653 2007 1700 patres

287 1726 435 1766 Adam
471 1725 811 1767 Cicestrensem1
846 1728 888 1762 et
920 1721 1190 1762 Willelmum
1226 1722 1620 1763 Sarisburiensem2
1655 1721 1909 1773 Episcopos,
1932 1733 2007 1760 seu

287 1812 435 1839 eorum
460 1799 654 1847 alterum,
678 1796 876 1849 nequiter
898 1795 1215 1845 interfecerunt,
1239 1809 1313 1836 seu
1344 1796 1398 1836 ad
1428 1795 1560 1844 illum,
1584 1795 1649 1835 vel
1680 1795 1786 1844 illos,
1810 1795 1882 1847 qui
1913 1795 2007 1834 neci

288 1887 448 1922 eorum,
471 1872 537 1913 vel
561 1872 735 1913 alterius
758 1884 919 1920 eorum,
942 1870 1095 1923 quovis
1126 1871 1259 1910 modo
1288 1876 1478 1923 agentes,
1503 1869 1708 1918 faventes,
1732 1869 2007 1917 auxiliantes,

289 1947 610 1988 consentientes
633 1945 699 1986 vel
723 1950 1005 1998 procurantes
1028 1944 1279 1985 extiterunt.

379 2022 429 2061 In
453 2020 574 2073 cujus
597 2020 654 2060 rei
677 2018 977 2060 testimonium
1001 2018 1078 2058 has
1101 2018 1265 2059 litteras
1288 2024 1458 2059 nostras
1482 2017 1570 2058 fieri
1593 2017 1773 2058 fecimus
1796 2023 2006 2070 patentes.

291 2095 424 2135 Teste
447 2108 515 2134 me
538 2094 642 2147 ipso,
666 2093 782 2146 apud
804 2092 1257 2141 &Vestmonasterium
1276 2093 1430 2145 quinto
1448 2093 1619 2132 decimo
1641 2092 1711 2132 die
1735 2091 2008 2139 Novembris,

291 2182 406 2209 anno
429 2169 548 2221 regni
571 2168 705 2208 nostri
729 2167 948 2207 tricesimo
970 2165 1143 2219 pri1no.3
1562 2167 1640 2206 Per
1663 2166 1804 2218 ipsum
1830 2165 2008 2218 Regem.

1811 2239 2009 2291 Shipton.

1887 2322 2009 2363 4170.

667 2388 1261 2430 XCVIII.—Presentmenls
1281 2393 1328 2427 at
1348 2387 1414 2426 tlte
1439 2386 1639 2427 Sessz'ons.

1100 2487 1213 2528 1453-

777 2568 1014 2611 INQUISITIO
1046 2579 1098 2604 Ex
1131 2578 1263 2604 PARTE
1293 2577 1529 2604 ORIENTALI.

379 2659 601 2711 Juratores
633 2660 925 2708 praesentant,
948 2654 1066 2707 quod
1099 2653 1295 2693 Thomas
1330 2651 1601 2705 Knyghtley‚
1628 2651 1682 2691 de
1716 2651 1941 2704 Spondon,
1970 2651 2011 2690 in

296 2733 519 2775 Comitatu
564 2729 762 2777 Derbiae,
797 2727 1094 2776 husbandmen,
1132 2728 1201 2767 die
1242 2726 1425 2768 Veneris
1467 2725 1671 2778 proximo
1712 2725 1812 2778 post
1854 2724 2011 2765 festum

360 2835 369 2848 ¹
394 2830 502 2861 Adam
535 2827 697 2867 Moleyns,
731 2824 905 2856 murdered
938 2829 970 2855 at
1009 2824 1087 2856 Chi·

296 2885 423 2916 chester
440 2884 483 2924 by
499 2882 554 2913 the
572 2891 702 2912 seamen
719 2879 755 2910 of
769 2879 823 2910 the
841 2879 927 2916 fleet,
945 2879 1089 2920 January

300 2945 448 2978 1449-50-

359 2995 372 3008 ²
395 2990 541 3021 William
569 2986 735 3028 Ascough,
766 2986 939 3017 murdered
969 2986 1013 3026 by
1040 2986 1090 3017 his

297 3051 426 3078 tenants
449 3044 514 3075 and
538 3046 684 3074 servants
705 3046 737 3072 at
763 3040 944 3081 Edington,
963 3040 1086 3078 wius„

295 3102 380 3142 June
397 3108 448 3139 29,
472 3105 573 3139 14503
598 3097 709 3134 Halle,
728 3106 759 3137 p.
782 3103 862 3133 2223
888 3094 1086 3132 Holinshed‚

298 3156 341 3187 iii.
362 3162 435 3194 227.

362 3214 375 3233 3
400 3211 439 3240 In
469 3207 617 3239 addition
644 3210 678 3236 to
706 3205 760 3235 the
787 3204 891 3235 above
919 3203 1009 3234 there
1036 3213 1090 3234 are

301 3263 471 3306 preserved
483 3265 632 3300 amongst
644 3259 698 3289 the
709 3259 740 3288 N
744 3258 927 3298 ottingham
937 3256 1090 3297 Borough

301 3317 446 3349 Records
473 3313 764 3355 exemplifications
790 3312 893 3343 under
920 3312 974 3342 the
1001 3316 1091 3352 great

301 3372 368 3404 seal
393 3372 429 3402 of
450 3369 505 3401 the
530 3368 698 3407 following
716 3367 848 3409 general
870 3366 1032 3409 pardous:
1061 3374 1088 3404 1,

1220 2824 1364 2855 Edward
1391 2824 1473 2862 ΙΙΙ.,
1503 2823 1648 2855 October
1679 2830 1728 2862 13,
1762 2822 1842 2862 1362
1868 2822 2012 2863 (printed

1220 2877 1252 2908 in
1281 2877 1336 2908 the
1362 2878 1504 2907 Slatzttes
1526 2876 1566 2916 of
1583 2877 1636 2907 the
1661 2876 1787 2913 Realm,
1813 2876 1833 2907 i.
1862 2876 1956 2916 376);
1980 2885 2010 2914 2,

1222 2931 1364 2962 Edward
1380 2931 1461 2968 ΙΙΙ.,
1479 2930 1564 2971 June
1584 2929 1632 2968 16,
1656 2936 1734 2969 1377
1750 2930 1893 2970 (printed
1910 2930 1942 2960 in
1959 2929 2014 2961 the

1220 2985 1303 3016 Stat.
1324 2984 1427 3026 oftlze
1442 2985 1567 3022 lr'ealm,
1588 2983 1608 3015 i.
1630 2984 1727 3023 396);
1751 2992 1782 3023 3,
1803 2984 1920 3024 Henry
1936 2983 2011 3021 VI.‚

1220 3039 1300 3079 May
1327 3047 1356 3077 2,
1387 3045 1466 3078 1437
1496 3039 1638 3079 (printed
1669 3039 1702 3069 in
1733 3039 1805 3070 lx'ot.
1833 3039 1941 3076 Parl„
1968 3038 2009 3070 iv.

1222 3100 1284 3133 504
1299 3093 1341 3131 b3
1364 3093 1497 3123 Annals
1521 3092 1562 3133 of
1571 3093 1667 3134 Jolm
1694 3093 1953 3131 Amundesham,
1977 3092 2010 3124 ii.

1225 3148 1315 3187 169);
1339 3157 1370 3187 4,
1398 3148 1515 3188 Henry
1541 3148 1615 3185 1V.,
1643 3147 1771 3188 August
1798 3153 1827 3188 5,
1859 3155 1940 3186 1404
1957 3145 2010 3185 (cf.

1220 3204 1304 3234 Stat.
1335 3203 1375 3244 of
1396 3203 1448 3233 tlte
1474 3203 1598 3241 Realm,
1630 3203 1662 3234 ii.
1696 3209 1774 3241 1473
1802 3204 1876 3234 leot.
1903 3202 2011 3239 Parl„

1222 3257 1265 3288 iii.
1279 3263 1388 3297 544a;
1406 3256 1553 3294 Foedera,
1568 3256 1632 3288 viii.
1649 3257 1744 3296 353);
1762 3263 1792 3297 5,
1807 3257 1923 3296 Henry
1936 3255 2011 3292 VI.‚

1219 3311 1299 3351 July
1318 3319 1345 3348 1,
1369 3310 1448 3349 1446
1466 3310 1543 3349 (this
1567 3310 1695 3341 Pardon
1718 3316 1850 3351 excepts
1873 3311 2015 3341 Eleanor

1224 3365 1385 3404 Qbham,
1408 3366 1496 3409 John
1522 3366 1652 3405 Bolton,
1680 3366 1716 3396 os
1738 3366 1869 3404 Bolton,
1897 3365 2011 3402 Lame„
