2165 3835
280 413 360 442 212
543 412 762 445 RECORDS
794 412 855 444 OF
888 412 989 443 THE
1021 411 1257 444 BOROUGH
1289 410 1350 443 OF
1384 409 1731 442 NOTTINGHAM.
1867 399 1995 453 [1452

367 534 709 576 Perdonavimus
738 535 882 585 etiam,
905 535 1150 576 remisimus
1183 541 1226 575 et
1258 532 1552 574 relaxavimus
1578 531 1742 572 eisdem
1774 531 1932 585 Majori
1955 538 1998 573 et

280 608 574 661 Burgensibus
596 610 874 650 omnimodas
896 609 1167 658 donationes,
1191 608 1474 649 alienationes
1497 613 1539 647 et
1568 606 1900 660 perquisitiones
1923 619 1999 659 per

275 682 392 735 ipsos
428 683 483 723 de
524 684 646 724 terris
688 690 730 725 et
772 683 1034 725 tenementis
1076 683 1130 723 de
1172 681 1297 722 nobis
1339 681 1406 721 vel
1448 680 1797 734 progenitoribus
1839 680 1997 721 nostris

276 757 500 810 quondam
536 758 732 811 Regibus
764 758 955 811 Angliae
987 758 1029 797 in
1064 756 1207 809 capite
1242 755 1384 804 tentis,
1418 768 1466 795 ac
1498 754 1631 795 etiam
1664 754 1923 795 donationes
1955 761 1999 795 et

277 831 611 884 perquisitiones
642 832 696 872 ad
727 845 905 872 manum
937 837 1154 872 mortuam
1185 829 1321 870 factas
1356 836 1398 870 et
1426 829 1598 869 habitas
1632 828 1797 881 absque
1826 828 2000 869 licentia

278 911 436 955 nostra,
474 918 643 946 necnon
680 906 958 946 omnimodas
996 905 1257 946 intrusiones
1294 910 1337 944 et
1375 903 1593 956 ingressus
1630 903 1673 943 in
1710 903 1998 944 hereditatem

277 992 412 1028 suam,
435 979 477 1018 in
501 986 624 1032 parte
645 979 711 1020 vel
736 979 777 1019 in
808 986 912 1029 toto,
937 986 1036 1032 post
1060 985 1244 1019 mortem
1276 984 1600 1018 antecessorum
1628 991 1804 1018 suorum
1834 977 2000 1031 absque

278 1052 427 1094 debita
448 1054 753 1106 prosecutione
775 1053 971 1107 ejusdem
995 1059 1122 1094 extra
1145 1066 1323 1093 manum
1348 1052 1523 1105 regiam,
1547 1058 1649 1093 ante
1671 1052 1859 1092 eundem
1882 1051 1998 1092 diem

280 1127 538 1168 Parasceves
561 1127 686 1177 facta,
709 1141 796 1169 una
827 1141 926 1169 cum
959 1127 1151 1169 exitibus
1183 1134 1225 1168 et
1257 1126 1460 1180 proficuis
1492 1126 1594 1167 inde
1626 1126 1771 1167 medio
1802 1132 2001 1179 tempore

279 1202 504 1255 perceptis,

368 1276 426 1316 Et
477 1276 662 1329 insuper,
705 1277 1055 1330 perdonavimus,
1099 1276 1344 1316 remisimus
1395 1281 1438 1316 et
1490 1274 1784 1315 relaxavimus
1836 1274 2000 1315 eisdem

282 1349 440 1402 Majori
473 1357 515 1390 et
548 1350 843 1403 Burgensibus
875 1350 1153 1391 omnimodas
1186 1363 1350 1403 poenas
1377 1356 1478 1390 ante
1507 1350 1673 1390 dictum
1703 1349 1819 1389 diem
1851 1349 2000 1389 Paras-

279 1438 403 1464 ceves
432 1423 674 1465 forisfactas
706 1438 853 1465 coram
886 1424 1010 1465 nobis
1040 1438 1115 1465 seu
1147 1424 1341 1466 Consilio
1374 1430 1533 1473 nostro,
1558 1423 1839 1473 Cancellario‚
1864 1422 2000 1463 Thes-

279 1498 458 1547 aurario,
491 1512 565 1539 seu
603 1499 749 1551 aliquo
784 1499 990 1552 Judicum
1025 1504 1284 1549 nostrorum,
1317 1512 1395 1552 pro
1427 1498 1573 1551 aliqua
1604 1511 1745 1547 causa,
1775 1503 1818 1538 et
1849 1510 2002 1537 omnes

279 1572 384 1613 alias
419 1586 581 1626 poenas
616 1579 706 1613 tam
742 1573 866 1613 nobis
901 1586 1033 1625 quarn
1069 1573 1293 1613 carissimo
1329 1572 1441 1625 patri
1484 1578 1634 1612 nostro
1674 1570 1884 1612 defuncto
1926 1585 2002 1624 per

279 1647 396 1700 ipsos
435 1647 649 1700 Majorem
687 1654 730 1688 et
769 1648 1012 1701 Burgenses
1050 1661 1128 1700 pro
1166 1647 1311 1700 aliqua
1348 1660 1479 1687 causa
1520 1653 1622 1687 ante
1659 1646 1846 1686 eundem
1885 1646 2000 1686 diem

282 1722 539 1762 Parasceves
573 1721 814 1762 forisfactas
848 1728 891 1762 et
925 1722 979 1762 ad
1015 1735 1124 1774 opus
1159 1727 1356 1762 nostrum
1392 1721 1610 1770 levandas,
1643 1734 1692 1760 ac
1725 1720 2002 1761 omnimodas

279 1796 531 1836 securitates
565 1796 683 1849 pacis
718 1802 819 1836 ante
853 1796 1040 1836 eundem
1074 1796 1189 1836 diem
1228 1797 1486 1836 Parasceves
1520 1795 1717 1835 similiter
1748 1793 2002 1843 forisfactas,

279 1883 328 1910 ac
351 1870 483 1911 etiam
510 1870 670 1920 tertias,
694 1877 736 1911 et
765 1870 990 1910 tertiarum
1020 1870 1179 1918 tertias,
1204 1870 1559 1910 omnimodorum
1590 1869 1928 1922 prisonariorum
1959 1868 2000 1907 in

279 1957 433 1996 guerra
465 1951 691 1997 captorum
725 1945 850 1984 nobis
879 1945 997 1985 dicto
1023 1944 1092 1984 die
1124 1945 1382 1984 Parasceves
1413 1944 1788 1997 qualitercumque
1819 1942 2001 1991 debitas,

280 2018 546 2070 pertinentes
575 2019 665 2058 sive
686 2024 935 2071 spectantes
964 2032 1040 2071 per
1062 2019 1240 2059 eosdem
1272 2018 1499 2071 Majorem,
1524 2031 1692 2059 necnon
1722 2017 2000 2058 omnimodas

280 2092 656 2145 transgressiones,
698 2091 898 2142 offensas,
943 2093 1261 2146 mesprisiones‚
1299 2099 1579 2146 contemptus
1620 2099 1662 2133 et
1705 2092 2001 2145 impetitiones

280 2180 356 2218 per
378 2166 493 2219 ipsos
517 2166 732 2219 Majorem
756 2173 798 2207 et
824 2167 1067 2219 Burgenses
1091 2174 1192 2208 ante
1216 2168 1403 2207 eundem
1428 2168 1543 2207 diem
1570 2168 1828 2207 Parasceves
1851 2172 2004 2206 contra

281 2239 465 2280 formam
504 2247 593 2281 tam
637 2254 1015 2294 quorumcumque
1060 2241 1348 2291 Statutorum‚
1387 2242 1712 2282 ordinationum
1756 2247 1798 2281 et
1840 2240 2003 2293 provis-

281 2314 429 2354 ionum
476 2321 578 2355 ante
624 2315 789 2355 dictum
831 2314 947 2355 diem
992 2315 1250 2356 Parasceves
1295 2315 1508 2356 factorum
1554 2316 1643 2356 sive
1683 2315 1899 2356 editorum
1949 2314 2004 2355 de

281 2388 675 2440 perquisitionibus,
722 2389 1107 2441 acceptationibus,
1150 2389 1420 2439 lectionibus,
1470 2389 1848 2443 publicationibus,
1891 2388 2003 2429 noti-

281 2461 554 2502 ficationibus
577 2469 620 2503 et
642 2462 975 2503 executionibus
998 2464 1347 2518 quibuscumque
1364 2477 1740 2518 quarumcumque
1762 2463 2002 2504 litterarum

281 2542 323 2576 et
354 2536 576 2577 Bullarum
599 2536 957 2590 Apostolicarum
988 2544 1090 2578 ante
1112 2539 1277 2579 dictum
1301 2539 1417 2579 diem
1448 2539 1717 2589 Parasceves,
1741 2544 1783 2579 et
1805 2538 2002 2578 omnium

281 2609 463 2650 aliorum
488 2611 775 2661 Statutorum,
799 2611 1125 2652 ordinationum
1155 2619 1197 2653 et
1227 2613 1524 2666 provisionum
1554 2618 1786 2666 praetextu
1817 2625 2001 2665 quorum

281 2683 426 2736 aliqua
454 2691 573 2725 secta
601 2698 747 2725 versus
777 2686 954 2726 eosdem
979 2686 1195 2739 Majorem
1225 2694 1268 2728 et
1293 2688 1538 2740 Burgenses
1567 2701 1644 2741 per
1666 2687 1814 2732 billam
1838 2686 1904 2726 vel
1927 2699 2004 2739 per

281 2757 410 2798 breve
444 2759 498 2799 de
529 2759 816 2799 Praennmz'm'
844 2759 1008 2809 Facias,
1042 2774 1116 2801 seu
1154 2761 1239 2802 alio
1274 2762 1408 2802 modo
1439 2775 1717 2815 quocumque
1749 2774 1827 2814 pro
1858 2759 2005 2813 aliqua

283 2832 464 2872 materia
499 2838 601 2872 ante
635 2833 821 2873 eundem
859 2833 975 2873 diem
1016 2834 1274 2876 Parasceves
1311 2835 1400 2876 fieri
1438 2836 1590 2885 valeat,
1628 2848 1760 2888 quam
1798 2848 2003 2887 quorum-

282 2919 468 2958 cumque
501 2906 682 2946 aliorum
717 2907 1005 2958 Statutorum,
1033 2908 1170 2949 factos
1204 2910 1293 2950 sive
1324 2916 1607 2963 perpetratos,
1636 2909 1834 2959 Statutis,
1858 2909 2002 2950 ordin-

282 2979 500 3019 ationibus
522 2986 565 3020 et
587 2980 906 3032 provisionibus
929 2981 1010 3021 illis
1034 2995 1121 3022 non
1144 2983 1452 3024 obstantibus.1

371 3053 547 3093 Proviso
569 3067 749 3106 semper,
773 3055 889 3107 quod
920 3069 1124 3108 praesens
1154 3057 1423 3109 perdonatio,
1447 3057 1643 3097 remissio
1671 3056 1760 3097 sive
1789 3056 2004 3097 relaxatio

283 3134 431 3167 nostra
464 3128 519 3167 ad
553 3127 741 3180 aliquem
777 3142 851 3168 seu
886 3129 1054 3182 aliquos
1089 3144 1236 3171 versus
1271 3145 1401 3184 quem
1435 3131 1501 3171 vel
1536 3145 1683 3172 versus
1715 3145 1824 3184 quos
1859 3131 2004 3183 aliqua

282 3208 401 3242 secta
422 3215 479 3241 ex
501 3208 624 3254 parte
646 3208 795 3242 nostra
817 3209 892 3243 aut
920 3203 1096 3244 alterius
1118 3204 1431 3258 cujuscumque
1460 3218 1536 3257 per
1558 3205 1687 3246 breve
1709 3211 1905 3245 nostrum
1928 3209 2003 3244 aut

284 3288 359 3327 per
391 3275 540 3315 billam
570 3276 624 3315 de
654 3275 938 3316 praeamanrz·
968 3277 1124 3317 Facias
1158 3279 1199 3317 in
1236 3279 1366 3320 Curia
1400 3286 1546 3319 nostra
1582 3293 1727 3319 coram
1763 3279 1897 3327 nobis,
1928 3285 2003 3319 aut

287 3349 432 3401 aliqua
468 3349 552 3388 alia
589 3349 719 3389 Curia
756 3356 914 3399 nostra,
952 3351 1071 3391 dicto
1107 3352 1177 3392 die
1214 3353 1472 3393 Parasceves
1515 3360 1589 3393 aut
1626 3353 1771 3406 aliquo
1813 3353 1897 3393 alio
1933 3353 2003 3392 die
