2165 3835
313 427 395 467 230
575 424 794 457 RECORDs
826 425 887 457 OF
920 425 1019 456 THE
1051 425 1286 457 BOROUGH
1319 425 1379 457 OF
1414 425 1760 457 NOTTINGHAM.
1895 416 2024 469 [1458

311 561 434 588 arcus
456 548 681 589 continent
704 548 745 588 in
773 548 1046 601 longitudine
1068 548 1375 601 quaterviginti
1402 554 1444 588 et
1467 561 1601 588 unum
1623 548 1756 600 pedes
1779 553 1821 588 et
1844 547 2024 588 mediet-

313 628 428 662 atem
461 622 586 662 unius
619 622 751 674 pedis.
817 622 874 661 Et
911 623 1028 674 quod
1061 622 1191 662 iidem
1225 628 1310 662 tres
1343 635 1466 661 arcus
1498 628 1599 661 sunt
1631 620 1831 661 defectivi
1863 628 1905 662 et
1937 635 2024 662 non

312 696 422 735 bene
455 696 651 748 reparati,
679 696 720 735 in
753 695 924 736 defectu
957 695 1172 736 dictorum
1204 696 1431 736 hominum
1466 695 1747 748 XVapentagii
1781 695 1902 735 illius.
1967 695 2025 735 Et

311 770 427 822 quod
465 770 699 822 columpna
732 770 874 809 media
911 770 1022 810 inter
1058 771 1234 810 eosdem
1272 776 1358 810 tres
1396 783 1518 809 arcus
1555 776 1597 810 et
1634 769 1879 822 praedictos
1915 769 2025 810 duos

310 857 443 892 arcuS,
480 857 588 896 quos
631 844 839 896 praedicti
882 844 1079 884 homines
1117 845 1259 884 dictae
1300 844 1426 884 villae
1470 843 1782 896 Notyngham',
1820 850 1867 884 ut
1903 857 2024 897 prae-

310 918 475 958 dictum
499 924 574 967 est,
598 932 795 971 reparare
827 918 998 966 debent,
1022 919 1063 957 in
1091 919 1244 958 eadem
1274 918 1376 958 villa
1404 925 1469 958 est
1491 917 1705 958 defectiva
1733 924 1776 958 et
1805 931 1892 958 non
1915 918 2026 958 bene

310 999 518 1045 reparata,
557 992 598 1032 in
636 992 807 1032 defectu
845 998 935 1032 tam
973 993 1188 1032 dictorum
1230 992 1458 1032 hominum
1496 992 1691 1045 ejusdem
1729 991 1857 1032 villae
1892 1005 2024 1044 quam

310 1066 523 1106 dictorum
554 1065 781 1105 hominum
804 1066 907 1106 dicti
938 1067 1217 1119 XVapentagii
1241 1067 1296 1106 de
1326 1066 1600 1116 Brokstowe;
1633 1066 1839 1119 quodque
1871 1066 2024 1106 eadem

309 1140 543 1192 columpna
579 1146 669 1180 tam
708 1154 783 1192 per
819 1140 1064 1192 praedictos
1102 1140 1301 1180 homines
1335 1140 1462 1180 villae
1498 1140 1747 1193 praedictae
1780 1153 1912 1193 quam
1950 1153 2026 1193 per

308 1214 553 1266 praedictos
576 1214 774 1253 homines
792 1214 1072 1267 XX=³⁷a13e1itagii
1096 1214 1208 1254 illius
1231 1215 1417 1267 reparari
1441 1214 1581 1263 debet,
1601 1220 1643 1255 et
1665 1228 1691 1254 a
1712 1220 1807 1255 toto
1828 1220 2026 1267 tempore

308 1288 531 1340 praedicto
554 1288 739 1340 reparari
762 1288 913 1328 debuit
934 1294 977 1328 ct
999 1289 1224 1328 consuevit
1246 1289 1288 1328 in
1311 1289 1544 1338 communi,
1567 1295 1644 1329 etc.

395 1361 476 1401 ‘Et
499 1362 615 1414 quod
648 1361 847 1401 homines
877 1362 1196 1415 VV'apen[ta]gii
1226 1363 1280 1402 de
1313 1363 1592 1416 Thurgarton
1625 1369 1668 1403 et
1703 1362 1832 1403 Lithe
1863 1362 2025 1404 debent

309 1448 506 1488 reparare
535 1441 577 1475 et
606 1442 859 1485 sustentare,
883 1442 925 1476 et
955 1450 980 1476 a
1008 1442 1103 1476 toto
1137 1443 1334 1489 tempore
1368 1437 1591 1490 praedicto
1625 1451 1825 1490 reparare
1859 1443 1902 1478 et
1933 1451 2024 1478 sus-

308 1515 476 1549 tentare
507 1516 834 1558 consueverunt,
865 1510 1057 1562 quinque
1086 1510 1192 1550 alios
1227 1525 1349 1550 arcus
1385 1512 1532 1564 magni
1562 1512 1708 1564 pontis
1737 1512 1947 1564 praedicti
1981 1512 2024 1552 in

307 1583 553 1638 dictayilla
584 1583 1034 1636 Notyngham'dictis
1064 1584 1201 1624 tribus
1230 1585 1426 1634 arcubus,
1448 1599 1557 1638 quos
1587 1585 1796 1638 praedicti
1825 1585 2024 1626 homines

307 1659 410 1698 dicti
434 1657 753 1710 Wap[e]ntagii
776 1658 831 1697 de
861 1657 1125 1708 Brokstowe,
1149 1665 1195 1699 ut
1224 1659 1496 1711 praedictum
1526 1666 1601 1708 est,
1625 1673 1824 1712 reparare
1851 1659 2024 1710 debent,

308 1746 364 1772 ex
387 1738 510 1785 parte
539 1732 715 1772 australi
739 1733 975 1772 eorundem
1007 1733 1211 1785 proximo
1234 1733 1505 1786 adjacentes:
1537 1734 1609 1786 qui
1633 1734 1810 1786 quidem
1833 1733 2025 1787 quinque

306 1820 428 1846 arcus
463 1807 688 1846 continent
722 1806 763 1845 in
799 1806 1072 1859 longitudine
1108 1814 1282 1848 centum
1319 1808 1498 1861 triginta
1526 1814 1569 1849 et
1597 1809 1789 1862 quinque
1820 1809 1953 1861 pedes
1982 1814 2025 1849 et

308 1880 587 1920 medietatem
612 1880 737 1920 unius
760 1880 892 1933 pedis.
958 1881 1015 1921 Et
1037 1883 1154 1934 quod
1179 1882 1308 1922 iidem
1332 1883 1525 1935 quinque
1554 1896 1677 1923 arcus
1700 1889 1801 1924 sunt
1822 1882 2023 1924 defectivi

307 1961 349 1994 et
382 1955 553 2003 ruinosi,
587 1954 628 1994 in
663 1953 835 1994 defectu
870 1955 1097 1995 hominum
1131 1957 1234 1997 dicti
1269 1957 1549 2011 &Vapentagii
1582 1958 1637 1998 de
1669 1958 1948 2010 Thurgarton
1981 1963 2024 1997 et

310 2028 447 2068 Lithe.
513 2029 570 2069 Et
607 2029 724 2081 quod
767 2029 1003 2082 columpna
1041 2031 1185 2070 media
1222 2031 1333 2071 inter
1369 2032 1546 2072 eosdem
1583 2032 1776 2085 quinque
1817 2045 1940 2072 arcus
1981 2037 2024 2071 et

307 2103 551 2155 praedictos
589 2109 674 2142 tres
711 2116 844 2151 arcus,
882 2117 991 2156 quos
1028 2105 1237 2156 praedicti
1275 2105 1474 2146 homines
1510 2106 1614 2147 dicti
1651 2106 1932 2159 W'apentagii
1969 2106 2025 2146 de

307 2176 571 2226 Brokstowe,
614 2183 660 2217 ut
711 2177 982 2229 praedictum
1036 2185 1111 2227 cst,
1163 2193 1362 2232 reparare
1407 2180 1580 2229 dcbent,
1622 2180 1664 2220 in
1717 2181 1870 2220 eadem
1922 2179 2025 2220 villa

307 2251 608 2303 Notyngham’
631 2257 695 2291 cst
718 2251 932 2291 defectiva
964 2258 1006 2292 et
1039 2266 1124 2292 non
1158 2253 1269 2294 bene
1295 2261 1505 2307 reparata,
1528 2255 1570 2294 in
1593 2253 1765 2295 defectu
1795 2261 1885 2295 tam
1915 2254 2023 2294 dict-

306 2338 428 2364 orum
461 2325 688 2365 hominum
722 2326 930 2378 praedicti
963 2326 1243 2380 XVapentagii
1271 2328 1326 2367 de
1359 2328 1613 2369 Brokstowe
1641 2342 1773 2381 quam
1806 2328 2021 2368 dictorum

306 2400 532 2440 hominum
565 2401 774 2453 praedicti
797 2401 1078 2454 XVapentagii
1101 2402 1156 2442 de
1185 2402 1464 2455 Thurgarton
1494 2409 1537 2443 et
1567 2402 1718 2452 Lithe;
1750 2402 1822 2455 qui
1845 2402 2021 2455 quidem

306 2474 504 2514 homines
532 2475 813 2527 MVapentagii
836 2475 890 2515 de
920 2475 1174 2516 Brokstowe
1202 2483 1245 2517 et
1273 2476 1472 2517 homines
1494 2477 1776 2530 VVapentagii
1799 2477 1854 2516 de
1882 2476 2022 2516 Thur-

305 2554 460 2600 garton
484 2554 526 2588 et
557 2548 686 2588 Lithe
715 2549 994 2602 columpnam
1025 2550 1143 2590 illam
1173 2565 1372 2604 reparare
1400 2557 1443 2591 et
1472 2557 1715 2592 sustentare
1737 2550 1909 2599 debent,
1933 2556 1976 2590 et
1998 2564 2023 2590 a

306 2628 400 2662 toto
422 2628 618 2674 tempore
639 2622 863 2674 praedicto
885 2623 1129 2664 debuerunt
1151 2631 1194 2664 et
1215 2632 1533 2665 consueverunt
1555 2625 1597 2664 in
1621 2625 1852 2665 communi.

393 2696 474 2736 ‘Et
496 2697 613 2748 quod
645 2697 844 2737 homines
867 2698 1147 2751 XVapentagii
1177 2699 1232 2738 de
1265 2699 1527 2740 Barsctlowe
1556 2700 1717 2740 debent
1750 2711 1948 2751 reparare
1979 2704 2022 2739 et

305 2775 558 2818 sustentare,
591 2775 633 2810 et
667 2784 692 2809 a
725 2776 819 2810 toto
852 2777 1049 2824 tempore
1083 2773 1307 2824 praedicto
1340 2787 1538 2826 reparare
1571 2779 1614 2814 et
1646 2778 1890 2813 sustentare
1917 2772 2020 2813 deb—

306 2850 461 2883 uerunt
483 2850 525 2883 et
547 2851 875 2894 consueverunt,
899 2845 1005 2885 alios
1028 2846 1220 2899 quinque
1242 2861 1364 2887 arcus
1396 2848 1542 2901 magni
1565 2848 1712 2900 pontis
1741 2845 1950 2900 praedicti
1977 2846 2019 2885 in

305 2918 527 2971 praedicta
549 2918 650 2957 villa
672 2919 973 2971 Notyngham’
995 2921 1227 2972 praedictis
1250 2922 1441 2974 quinque
1464 2921 1657 2971 arcubus,
1680 2934 1789 2974 quos
1811 2919 2020 2973 praedicti

304 2992 502 3032 homines
525 2992 627 3032 dicti
651 2992 931 3045 VVapentagii
954 2994 1008 3033 de
1031 2994 1309 3047 Thurgarton
1339 3001 1382 3035 et
1406 2995 1545 3044 Lithe,
1569 3002 1615 3035 ut
1644 2994 1913 3048 praedictum
1945 3000 2020 3043 est,

305 3080 503 3119 reparare
524 3066 696 3114 debent,
720 3079 776 3105 ex
799 3073 922 3118 parte
951 3068 1126 3107 australi
1154 3069 1390 3108 eorundem
1413 3069 1618 3121 proximo
1647 3068 1916 3120 adjacentes:
1947 3067 2020 3120 qui

306 3141 482 3192 quidem
525 3139 715 3191 quinque
758 3154 881 3180 arcus
928 3142 1154 3182 continent
1201 3142 1242 3182 in
1290 3142 1564 3195 longitudine
1610 3148 1781 3182 tantum
1829 3141 2019 3194 spatium

306 3221 518 3267 quantum
561 3228 640 3252 sex
681 3222 827 3253 arcus1
866 3229 923 3254 cx
961 3215 1141 3268 antiquo
1182 3216 1403 3256 continere
1444 3222 1771 3263 consueverunt,
1808 3215 2020 3263 videlicet,

307 3294 481 3328 centum
519 3287 750 3339 sexaginta
786 3294 829 3328 ct
861 3302 1017 3329 novem
1050 3290 1183 3342 pedes
1220 3297 1262 3331 et
1295 3291 1575 3331 medietatem
1609 3291 1734 3331 unius
1766 3290 1897 3343 pedis.
1962 3289 2020 3329 Et

958 3381 965 3394 ¹
990 3379 1112 3417 arcns,]
1133 3381 1140 3394 ‘
1152 3378 1268 3418 acrus,'
1286 3380 1359 3412 MS.
