<?xml version="1.0" encoding="UTF-8"?>
<!DOCTYPE html PUBLIC "-//W3C//DTD XHTML 1.0 Transitional//EN"
    "http://www.w3.org/TR/xhtml1/DTD/xhtml1-transitional.dtd">
<html xmlns="http://www.w3.org/1999/xhtml" xml:lang="en" lang="en">
 <head>
  <title>
</title>
<meta http-equiv="Content-Type" content="text/html;charset=utf-8" />
  <meta name='ocr-system' content='tesseract 3.04.00' />
  <meta name='ocr-capabilities' content='ocr_page ocr_carea ocr_par ocr_line ocrx_word'/>
</head>
<body>
  <div class='ocr_page' id='page_1' title='image "./recordsofborough02nott_0124.png"; bbox 0 0 2165 3835; ppageno 0'>
   <div class='ocr_carea' id='block_1_1' title="bbox 254 402 1978 455">
    <p class='ocr_par' dir='ltr' id='par_1_1' title="bbox 254 402 1978 455">
     <span class='ocr_line' id='line_1_1' title="bbox 254 402 1978 455; baseline 0 -13"><span class='ocrx_word' id='word_1_1' title='bbox 254 403 310 452; x_wconf 72' lang='grc'>95</span> <span class='ocrx_word' id='word_1_2' title='bbox 521 412 739 443; x_wconf 54' lang='grc' dir='ltr'>ΙίκῖΌΟΚΓΝ</span> <span class='ocrx_word' id='word_1_3' title='bbox 773 413 832 443; x_wconf 75' lang='lat' dir='ltr'>OF</span> <span class='ocrx_word' id='word_1_4' title='bbox 865 413 963 443; x_wconf 74' lang='lat' dir='ltr'>THE</span> <span class='ocrx_word' id='word_1_5' title='bbox 999 411 1232 443; x_wconf 68' lang='lat' dir='ltr'>ROROL&#39;GH</span> <span class='ocrx_word' id='word_1_6' title='bbox 1267 412 1326 442; x_wconf 69' lang='lat'>01³</span> <span class='ocrx_word' id='word_1_7' title='bbox 1361 411 1710 442; x_wconf 61' lang='lat' dir='ltr'>NOTTINGIIAM.</span> <span class='ocrx_word' id='word_1_8' title='bbox 1847 402 1978 455; x_wconf 73' lang='grc'>[1414</span> 
     </span>
    </p>
   </div>
   <div class='ocr_carea' id='block_1_2' title="bbox 400 549 1835 677">
    <p class='ocr_par' dir='ltr' id='par_1_2' title="bbox 400 549 1835 677">
     <span class='ocr_line' id='line_1_2' title="bbox 400 549 1835 603; baseline -0.002 -12"><span class='ocrx_word' id='word_1_9' title='bbox 400 551 935 591; x_wconf 69' lang='grc' dir='ltr'>ΧΧΧΙΧ.-Ειῑνοίηῑεηῖ</span> <span class='ocrx_word' id='word_1_10' title='bbox 954 552 1008 602; x_wconf 79' lang='lat' dir='ltr'>of</span> <span class='ocrx_word' id='word_1_11' title='bbox 1019 549 1310 603; x_wconf 67' lang='lat' dir='ltr'>Enfi’cgffinenl</span> <span class='ocrx_word' id='word_1_12' title='bbox 1331 549 1379 601; x_wconf 78' lang='lat' dir='ltr'>by</span> <span class='ocrx_word' id='word_1_13' title='bbox 1391 549 1508 603; x_wconf 73' lang='lat' dir='ltr'>sollu</span> <span class='ocrx_word' id='word_1_14' title='bbox 1531 550 1580 588; x_wconf 65' lang='lat' dir='ltr'>de</span> <span class='ocrx_word' id='word_1_15' title='bbox 1601 550 1835 602; x_wconf 68' lang='lat' dir='ltr'>Plnmplm·,</span> 
     </span>
     <span class='ocr_line' id='line_1_3' title="bbox 714 623 1513 677; baseline -0.003 -12"><span class='ocrx_word' id='word_1_16' title='bbox 714 626 768 677; x_wconf 73' lang='lat' dir='ltr'>Of</span> <span class='ocrx_word' id='word_1_17' title='bbox 780 625 846 665; x_wconf 70' lang='lat' dir='ltr'>[lle</span> <span class='ocrx_word' id='word_1_18' title='bbox 866 625 1130 665; x_wconf 78' lang='lat' dir='ltr'>Possessz&#39;ons</span> <span class='ocrx_word' id='word_1_19' title='bbox 1151 625 1205 675; x_wconf 80' lang='lat' dir='ltr'>of</span> <span class='ocrx_word' id='word_1_20' title='bbox 1215 624 1283 663; x_wconf 65' lang='grc' dir='ltr'>[εἰς</span> <span class='ocrx_word' id='word_1_21' title='bbox 1305 623 1513 676; x_wconf 76' lang='lat' dir='ltr'>Hospilal.</span> 
     </span>
    </p>
   </div>
   <div class='ocr_carea' id='block_1_3' title="bbox 948 715 1283 766">
    <p class='ocr_par' dir='ltr' id='par_1_3' title="bbox 948 715 1283 766">
     <span class='ocr_line' id='line_1_4' title="bbox 948 715 1283 766; baseline -0.003 -12"><span class='ocrx_word' id='word_1_22' title='bbox 948 727 1063 765; x_wconf 80' lang='lat'>1414,</span> <span class='ocrx_word' id='word_1_23' title='bbox 1089 715 1197 766; x_wconf 84' lang='lat' dir='ltr'>May</span> <span class='ocrx_word' id='word_1_24' title='bbox 1221 725 1283 754; x_wconf 87' lang='lat' dir='ltr'>2o.</span> 
     </span>
    </p>
   </div>
   <div class='ocr_carea' id='block_1_4' title="bbox 244 811 1976 3311">
    <p class='ocr_par' dir='ltr' id='par_1_4' title="bbox 251 811 1975 1163">
     <span class='ocr_line' id='line_1_5' title="bbox 339 811 1974 866; baseline -0.001 -12"><span class='ocrx_word' id='word_1_25' title='bbox 339 814 413 854; x_wconf 83' lang='lat' dir='ltr'>Ad</span> <span class='ocrx_word' id='word_1_26' title='bbox 456 815 583 854; x_wconf 86' lang='lat' dir='ltr'>istam</span> <span class='ocrx_word' id='word_1_27' title='bbox 628 814 802 856; x_wconf 89' lang='lat' dir='ltr'>Curiam</span> <span class='ocrx_word' id='word_1_28' title='bbox 845 815 963 854; x_wconf 73' lang='lat' dir='ltr'>venit</span> <span class='ocrx_word' id='word_1_29' title='bbox 1013 814 1237 866; x_wconf 85' lang='lat' dir='ltr'>Johannes</span> <span class='ocrx_word' id='word_1_30' title='bbox 1291 812 1524 864; x_wconf 88' lang='lat' dir='ltr'>Plumptre,</span> <span class='ocrx_word' id='word_1_31' title='bbox 1567 812 1621 851; x_wconf 92' lang='lat' dir='ltr'>de</span> <span class='ocrx_word' id='word_1_32' title='bbox 1675 811 1974 865; x_wconf 81' lang='lat' dir='ltr'>Notyngham,</span> 
     </span>
     <span class='ocr_line' id='line_1_6' title="bbox 252 885 1974 940; baseline -0.001 -12"><span class='ocrx_word' id='word_1_33' title='bbox 252 887 458 928; x_wconf 88' lang='lat' dir='ltr'>fundator</span> <span class='ocrx_word' id='word_1_34' title='bbox 511 888 756 940; x_wconf 78' lang='lat' dir='ltr'>Hospitalis</span> <span class='ocrx_word' id='word_1_35' title='bbox 798 888 851 927; x_wconf 83' lang='lat' dir='ltr'>cle</span> <span class='ocrx_word' id='word_1_36' title='bbox 893 887 1246 927; x_wconf 79' lang='lat' dir='ltr'>Annuntiatione</span> <span class='ocrx_word' id='word_1_37' title='bbox 1288 886 1480 938; x_wconf 74' lang='lat' dir='ltr'>Virginis</span> <span class='ocrx_word' id='word_1_38' title='bbox 1529 885 1695 925; x_wconf 84' lang='lat' dir='ltr'>Mariae</span> <span class='ocrx_word' id='word_1_39' title='bbox 1747 886 1801 925; x_wconf 89' lang='lat' dir='ltr'>ad</span> <span class='ocrx_word' id='word_1_40' title='bbox 1845 885 1974 926; x_wconf 86' lang='lat' dir='ltr'>finem</span> 
     </span>
     <span class='ocr_line' id='line_1_7' title="bbox 252 959 1975 1016; baseline -0.002 -12"><span class='ocrx_word' id='word_1_41' title='bbox 252 964 451 1016; x_wconf 91' lang='lat' dir='ltr'>pontium</span> <span class='ocrx_word' id='word_1_42' title='bbox 484 963 862 1015; x_wconf 82' lang='lat' dir='ltr'>Notynghamiae;</span> <span class='ocrx_word' id='word_1_43' title='bbox 896 963 966 1015; x_wconf 91' lang='lat' dir='ltr'>qui</span> <span class='ocrx_word' id='word_1_44' title='bbox 991 962 1167 1015; x_wconf 85' lang='lat' dir='ltr'>quidem</span> <span class='ocrx_word' id='word_1_45' title='bbox 1197 961 1421 1013; x_wconf 87' lang='lat' dir='ltr'>Johannes</span> <span class='ocrx_word' id='word_1_46' title='bbox 1454 959 1678 1012; x_wconf 88' lang='lat' dir='ltr'>Plumptre</span> <span class='ocrx_word' id='word_1_47' title='bbox 1708 960 1816 1012; x_wconf 90' lang='lat' dir='ltr'>petit</span> <span class='ocrx_word' id='word_1_48' title='bbox 1839 973 1975 1012; x_wconf 88' lang='lat' dir='ltr'>quan-</span> 
     </span>
     <span class='ocr_line' id='line_1_8' title="bbox 251 1034 1975 1088; baseline -0.002 -10"><span class='ocrx_word' id='word_1_49' title='bbox 251 1038 352 1078; x_wconf 88' lang='lat' dir='ltr'>dam</span> <span class='ocrx_word' id='word_1_50' title='bbox 388 1038 664 1078; x_wconf 79' lang='lat' dir='ltr'>indenturam</span> <span class='ocrx_word' id='word_1_51' title='bbox 698 1037 752 1077; x_wconf 89' lang='lat' dir='ltr'>de</span> <span class='ocrx_word' id='word_1_52' title='bbox 786 1036 1060 1076; x_wconf 88' lang='lat' dir='ltr'>ordinatione</span> <span class='ocrx_word' id='word_1_53' title='bbox 1094 1036 1227 1088; x_wconf 81' lang='lat' dir='ltr'>ipsius</span> <span class='ocrx_word' id='word_1_54' title='bbox 1261 1034 1475 1088; x_wconf 84' lang='lat' dir='ltr'>Johannis</span> <span class='ocrx_word' id='word_1_55' title='bbox 1509 1034 1603 1085; x_wconf 70' lang='lat' dir='ltr'>legi,</span> <span class='ocrx_word' id='word_1_56' title='bbox 1629 1034 1909 1086; x_wconf 88' lang='lat' dir='ltr'>pronuntiari,</span> <span class='ocrx_word' id='word_1_57' title='bbox 1933 1042 1975 1075; x_wconf 91' lang='lat' dir='ltr'>et</span> 
     </span>
     <span class='ocr_line' id='line_1_9' title="bbox 252 1110 1226 1163; baseline -0.003 -11"><span class='ocrx_word' id='word_1_58' title='bbox 252 1111 464 1152; x_wconf 89' lang='lat' dir='ltr'>irrotulari</span> <span class='ocrx_word' id='word_1_59' title='bbox 488 1112 568 1152; x_wconf 92' lang='lat' dir='ltr'>sub</span> <span class='ocrx_word' id='word_1_60' title='bbox 591 1111 682 1160; x_wconf 90' lang='lat' dir='ltr'>hac,</span> <span class='ocrx_word' id='word_1_61' title='bbox 706 1124 818 1163; x_wconf 92' lang='lat' dir='ltr'>quae</span> <span class='ocrx_word' id='word_1_62' title='bbox 840 1110 1044 1163; x_wconf 87' lang='lat' dir='ltr'>sequitur,</span> <span class='ocrx_word' id='word_1_63' title='bbox 1069 1110 1226 1149; x_wconf 87' lang='lat' dir='ltr'>forma:</span> 
     </span>
    </p>

    <p class='ocr_par' dir='ltr' id='par_1_5' title="bbox 244 1182 1976 3311">
     <span class='ocr_line' id='line_1_10' title="bbox 337 1182 1975 1236; baseline -0.001 -11"><span class='ocrx_word' id='word_1_64' title='bbox 337 1185 486 1225; x_wconf 87' lang='lat' dir='ltr'>‘Haec</span> <span class='ocrx_word' id='word_1_65' title='bbox 529 1185 759 1224; x_wconf 90' lang='lat' dir='ltr'>indentura</span> <span class='ocrx_word' id='word_1_66' title='bbox 802 1183 917 1224; x_wconf 89' lang='lat' dir='ltr'>faeta</span> <span class='ocrx_word' id='word_1_67' title='bbox 969 1190 1164 1231; x_wconf 88' lang='lat' dir='ltr'>testatur,</span> <span class='ocrx_word' id='word_1_68' title='bbox 1207 1184 1324 1236; x_wconf 90' lang='lat' dir='ltr'>quod</span> <span class='ocrx_word' id='word_1_69' title='bbox 1374 1182 1598 1235; x_wconf 86' lang='lat' dir='ltr'>Johannes</span> <span class='ocrx_word' id='word_1_70' title='bbox 1643 1182 1877 1235; x_wconf 90' lang='lat' dir='ltr'>Plumptre,</span> <span class='ocrx_word' id='word_1_71' title='bbox 1920 1183 1975 1223; x_wconf 88' lang='lat' dir='ltr'>de</span> 
     </span>
     <span class='ocr_line' id='line_1_11' title="bbox 252 1256 1975 1312; baseline -0.001 -13"><span class='ocrx_word' id='word_1_72' title='bbox 252 1259 552 1312; x_wconf 80' lang='lat' dir='ltr'>Notyngham,</span> <span class='ocrx_word' id='word_1_73' title='bbox 576 1257 781 1298; x_wconf 85' lang='lat' dir='ltr'>fundator</span> <span class='ocrx_word' id='word_1_74' title='bbox 818 1257 1062 1310; x_wconf 71' lang='lat' dir='ltr'>Hospitalis</span> <span class='ocrx_word' id='word_1_75' title='bbox 1100 1258 1154 1297; x_wconf 88' lang='lat' dir='ltr'>de</span> <span class='ocrx_word' id='word_1_76' title='bbox 1188 1257 1542 1297; x_wconf 77' lang='lat' dir='ltr'>Annuntiatione</span> <span class='ocrx_word' id='word_1_77' title='bbox 1579 1256 1773 1308; x_wconf 79' lang='lat' dir='ltr'>Virginis</span> <span class='ocrx_word' id='word_1_78' title='bbox 1808 1257 1975 1297; x_wconf 89' lang='lat' dir='ltr'>Mariae</span> 
     </span>
     <span class='ocr_line' id='line_1_12' title="bbox 251 1330 1976 1386; baseline -0.002 -12"><span class='ocrx_word' id='word_1_79' title='bbox 251 1334 304 1374; x_wconf 85' lang='lat' dir='ltr'>ad</span> <span class='ocrx_word' id='word_1_80' title='bbox 322 1332 451 1373; x_wconf 79' lang='lat' dir='ltr'>finem</span> <span class='ocrx_word' id='word_1_81' title='bbox 476 1333 675 1386; x_wconf 88' lang='lat' dir='ltr'>pontium</span> <span class='ocrx_word' id='word_1_82' title='bbox 701 1332 1061 1384; x_wconf 75' lang='lat' dir='ltr'>Notynghamiae</span> <span class='ocrx_word' id='word_1_83' title='bbox 1084 1338 1174 1371; x_wconf 86' lang='lat' dir='ltr'>tam</span> <span class='ocrx_word' id='word_1_84' title='bbox 1198 1345 1276 1384; x_wconf 90' lang='lat' dir='ltr'>pro</span> <span class='ocrx_word' id='word_1_85' title='bbox 1294 1330 1453 1370; x_wconf 77' lang='lat' dir='ltr'>salubri</span> <span class='ocrx_word' id='word_1_86' title='bbox 1473 1336 1588 1370; x_wconf 87' lang='lat' dir='ltr'>statu</span> <span class='ocrx_word' id='word_1_87' title='bbox 1613 1337 1678 1370; x_wconf 90' lang='lat' dir='ltr'>etI</span> <span class='ocrx_word' id='word_1_88' title='bbox 1703 1330 1976 1371; x_wconf 79' lang='lat' dir='ltr'>exhibitione</span> 
     </span>
     <span class='ocr_line' id='line_1_13' title="bbox 250 1405 1974 1461; baseline -0.002 -13"><span class='ocrx_word' id='word_1_89' title='bbox 250 1407 610 1461; x_wconf 88' lang='lat' dir='ltr'>paupercularum</span> <span class='ocrx_word' id='word_1_90' title='bbox 634 1407 861 1447; x_wconf 66' lang='lat' dir='ltr'>viduarum</span> <span class='ocrx_word' id='word_1_91' title='bbox 893 1420 1067 1446; x_wconf 89' lang='lat' dir='ltr'>suarum</span> <span class='ocrx_word' id='word_1_92' title='bbox 1099 1406 1259 1446; x_wconf 84' lang='lat' dir='ltr'>ibidem</span> <span class='ocrx_word' id='word_1_93' title='bbox 1291 1405 1657 1445; x_wconf 78' lang='lat' dir='ltr'>commorantium</span> <span class='ocrx_word' id='word_1_94' title='bbox 1689 1419 1737 1444; x_wconf 91' lang='lat' dir='ltr'>ae</span> <span class='ocrx_word' id='word_1_95' title='bbox 1771 1406 1867 1445; x_wconf 91' lang='lat' dir='ltr'>Deo</span> <span class='ocrx_word' id='word_1_96' title='bbox 1889 1419 1974 1446; x_wconf 89' lang='lat' dir='ltr'>ser-</span> 
     </span>
     <span class='ocr_line' id='line_1_14' title="bbox 249 1479 1974 1532; baseline 0 -11"><span class='ocrx_word' id='word_1_97' title='bbox 249 1481 470 1529; x_wconf 76' lang='lat' dir='ltr'>vientium,</span> <span class='ocrx_word' id='word_1_98' title='bbox 494 1487 536 1521; x_wconf 93' lang='lat' dir='ltr'>et</span> <span class='ocrx_word' id='word_1_99' title='bbox 569 1481 761 1528; x_wconf 89' lang='lat' dir='ltr'>aliarum,</span> <span class='ocrx_word' id='word_1_100' title='bbox 785 1481 931 1520; x_wconf 75' lang='lat' dir='ltr'>divina</span> <span class='ocrx_word' id='word_1_101' title='bbox 966 1480 1187 1520; x_wconf 79' lang='lat' dir='ltr'>mediante</span> <span class='ocrx_word' id='word_1_102' title='bbox 1219 1480 1368 1532; x_wconf 75' lang='lat' dir='ltr'>gratia,</span> <span class='ocrx_word' id='word_1_103' title='bbox 1400 1479 1722 1531; x_wconf 83' lang='lat' dir='ltr'>imperpetuum</span> <span class='ocrx_word' id='word_1_104' title='bbox 1755 1481 1974 1521; x_wconf 77' lang='lat' dir='ltr'>serviend-</span> 
     </span>
     <span class='ocr_line' id='line_1_15' title="bbox 249 1553 1974 1607; baseline -0.001 -12"><span class='ocrx_word' id='word_1_105' title='bbox 249 1569 382 1604; x_wconf 86' lang='lat' dir='ltr'>arum,</span> <span class='ocrx_word' id='word_1_106' title='bbox 425 1555 588 1603; x_wconf 78' lang='lat' dir='ltr'>statuit,</span> <span class='ocrx_word' id='word_1_107' title='bbox 631 1555 856 1607; x_wconf 78' lang='lat' dir='ltr'>disposuit,</span> <span class='ocrx_word' id='word_1_108' title='bbox 899 1560 942 1594; x_wconf 92' lang='lat' dir='ltr'>et</span> <span class='ocrx_word' id='word_1_109' title='bbox 983 1554 1147 1594; x_wconf 86' lang='lat' dir='ltr'>dimisit</span> <span class='ocrx_word' id='word_1_110' title='bbox 1189 1554 1244 1593; x_wconf 90' lang='lat' dir='ltr'>de</span> <span class='ocrx_word' id='word_1_111' title='bbox 1285 1554 1403 1593; x_wconf 84' lang='lat' dir='ltr'>dicto</span> <span class='ocrx_word' id='word_1_112' title='bbox 1448 1553 1670 1605; x_wconf 82' lang='lat' dir='ltr'>Hospitali</span> <span class='ocrx_word' id='word_1_113' title='bbox 1714 1554 1974 1603; x_wconf 88' lang='lat' dir='ltr'>mansiones,</span> 
     </span>
     <span class='ocr_line' id='line_1_16' title="bbox 249 1626 1974 1681; baseline -0.001 -12"><span class='ocrx_word' id='word_1_114' title='bbox 249 1629 508 1678; x_wconf 87' lang='lat' dir='ltr'>habitacula,</span> <span class='ocrx_word' id='word_1_115' title='bbox 543 1636 585 1669; x_wconf 94' lang='lat' dir='ltr'>et</span> <span class='ocrx_word' id='word_1_116' title='bbox 620 1628 725 1668; x_wconf 85' lang='lat' dir='ltr'>alias</span> <span class='ocrx_word' id='word_1_117' title='bbox 760 1628 1098 1668; x_wconf 84' lang='lat' dir='ltr'>commoditates</span> <span class='ocrx_word' id='word_1_118' title='bbox 1133 1634 1175 1667; x_wconf 90' lang='lat' dir='ltr'>et</span> <span class='ocrx_word' id='word_1_119' title='bbox 1210 1626 1412 1679; x_wconf 82' lang='lat' dir='ltr'>proficua,</span> <span class='ocrx_word' id='word_1_120' title='bbox 1443 1627 1607 1666; x_wconf 84' lang='lat' dir='ltr'>eisdem</span> <span class='ocrx_word' id='word_1_121' title='bbox 1641 1627 1782 1667; x_wconf 78' lang='lat' dir='ltr'>viduis</span> <span class='ocrx_word' id='word_1_122' title='bbox 1817 1628 1974 1681; x_wconf 89' lang='lat' dir='ltr'>imper-</span> 
     </span>
     <span class='ocr_line' id='line_1_17' title="bbox 249 1700 1973 1756; baseline -0.001 -13"><span class='ocrx_word' id='word_1_123' title='bbox 249 1710 428 1756; x_wconf 89' lang='lat' dir='ltr'>petuum</span> <span class='ocrx_word' id='word_1_124' title='bbox 453 1704 670 1748; x_wconf 84' lang='lat' dir='ltr'>duratura,</span> <span class='ocrx_word' id='word_1_125' title='bbox 693 1702 774 1742; x_wconf 90' lang='lat' dir='ltr'>sub</span> <span class='ocrx_word' id='word_1_126' title='bbox 797 1702 888 1750; x_wconf 84' lang='lat' dir='ltr'>hac,</span> <span class='ocrx_word' id='word_1_127' title='bbox 918 1701 1066 1754; x_wconf 85' lang='lat' dir='ltr'>qua[e]</span> <span class='ocrx_word' id='word_1_128' title='bbox 1091 1702 1295 1754; x_wconf 89' lang='lat' dir='ltr'>sequitur,</span> <span class='ocrx_word' id='word_1_129' title='bbox 1320 1700 1459 1740; x_wconf 87' lang='lat' dir='ltr'>forma</span> <span class='ocrx_word' id='word_1_130' title='bbox 1488 1708 1530 1740; x_wconf 94' lang='lat' dir='ltr'>et</span> <span class='ocrx_word' id='word_1_131' title='bbox 1560 1708 1728 1741; x_wconf 88' lang='lat' dir='ltr'>tenore:</span> <span class='ocrx_word' id='word_1_132' title='bbox 1762 1702 1973 1752; x_wconf 86' lang='lat' dir='ltr'>videlicet,</span> 
     </span>
     <span class='ocr_line' id='line_1_18' title="bbox 248 1774 1974 1830; baseline -0.001 -13"><span class='ocrx_word' id='word_1_133' title='bbox 248 1778 365 1830; x_wconf 92' lang='lat' dir='ltr'>quod</span> <span class='ocrx_word' id='word_1_134' title='bbox 396 1777 644 1829; x_wconf 83' lang='lat' dir='ltr'>praedictae</span> <span class='ocrx_word' id='word_1_135' title='bbox 674 1777 840 1821; x_wconf 70' lang='lat' dir='ltr'>viduae,</span> <span class='ocrx_word' id='word_1_136' title='bbox 865 1790 976 1828; x_wconf 91' lang='lat' dir='ltr'>quae</span> <span class='ocrx_word' id='word_1_137' title='bbox 1000 1789 1113 1815; x_wconf 88' lang='lat' dir='ltr'>nune</span> <span class='ocrx_word' id='word_1_138' title='bbox 1137 1782 1248 1821; x_wconf 86' lang='lat' dir='ltr'>sunt,</span> <span class='ocrx_word' id='word_1_139' title='bbox 1272 1782 1315 1815; x_wconf 91' lang='lat' dir='ltr'>et</span> <span class='ocrx_word' id='word_1_140' title='bbox 1344 1782 1480 1823; x_wconf 82' lang='lat' dir='ltr'>erunt,</span> <span class='ocrx_word' id='word_1_141' title='bbox 1504 1774 1729 1815; x_wconf 89' lang='lat' dir='ltr'>habebunt</span> <span class='ocrx_word' id='word_1_142' title='bbox 1756 1775 1836 1816; x_wconf 86' lang='lat' dir='ltr'>sibi</span> <span class='ocrx_word' id='word_1_143' title='bbox 1859 1776 1974 1829; x_wconf 89' lang='lat' dir='ltr'>ipsis,</span> 
     </span>
     <span class='ocr_line' id='line_1_19' title="bbox 248 1848 1973 1904; baseline -0.001 -13"><span class='ocrx_word' id='word_1_144' title='bbox 248 1852 412 1904; x_wconf 85' lang='lat' dir='ltr'>absque</span> <span class='ocrx_word' id='word_1_145' title='bbox 464 1851 638 1904; x_wconf 86' lang='lat' dir='ltr'>aliquali</span> <span class='ocrx_word' id='word_1_146' title='bbox 692 1851 942 1903; x_wconf 84' lang='lat' dir='ltr'>calumpnia</span> <span class='ocrx_word' id='word_1_147' title='bbox 993 1863 1066 1889; x_wconf 89' lang='lat' dir='ltr'>seu</span> <span class='ocrx_word' id='word_1_148' title='bbox 1121 1849 1438 1901; x_wconf 86' lang='lat' dir='ltr'>impedimento</span> <span class='ocrx_word' id='word_1_149' title='bbox 1490 1848 1816 1901; x_wconf 86' lang='lat' dir='ltr'>capellanorum</span> <span class='ocrx_word' id='word_1_150' title='bbox 1868 1850 1973 1890; x_wconf 89' lang='lat' dir='ltr'>dicti</span> 
     </span>
     <span class='ocr_line' id='line_1_20' title="bbox 251 1923 1972 1978; baseline -0.001 -13"><span class='ocrx_word' id='word_1_151' title='bbox 251 1926 506 1978; x_wconf 84' lang='lat' dir='ltr'>Hospitalis,</span> <span class='ocrx_word' id='word_1_152' title='bbox 545 1939 618 1965; x_wconf 92' lang='lat' dir='ltr'>seu</span> <span class='ocrx_word' id='word_1_153' title='bbox 657 1925 952 1977; x_wconf 84' lang='lat' dir='ltr'>cujuscunque</span> <span class='ocrx_word' id='word_1_154' title='bbox 990 1924 1165 1964; x_wconf 88' lang='lat' dir='ltr'>alterius</span> <span class='ocrx_word' id='word_1_155' title='bbox 1203 1937 1425 1976; x_wconf 83' lang='lat' dir='ltr'>personae,</span> <span class='ocrx_word' id='word_1_156' title='bbox 1465 1923 1640 1975; x_wconf 88' lang='lat' dir='ltr'>majoris</span> <span class='ocrx_word' id='word_1_157' title='bbox 1678 1923 1744 1963; x_wconf 68' lang='lat' dir='ltr'>vel</span> <span class='ocrx_word' id='word_1_158' title='bbox 1784 1923 1972 1973; x_wconf 89' lang='lat' dir='ltr'>minoris,</span> 
     </span>
     <span class='ocr_line' id='line_1_21' title="bbox 248 1997 1973 2051; baseline -0.001 -12"><span class='ocrx_word' id='word_1_159' title='bbox 248 2007 337 2039; x_wconf 90' lang='lat' dir='ltr'>tam</span> <span class='ocrx_word' id='word_1_160' title='bbox 361 2000 678 2040; x_wconf 86' lang='lat' dir='ltr'>ecclesiasticae</span> <span class='ocrx_word' id='word_1_161' title='bbox 700 1999 926 2051; x_wconf 69' lang='lat' dir='ltr'>dignitatis</span> <span class='ocrx_word' id='word_1_162' title='bbox 945 2012 1076 2051; x_wconf 91' lang='lat' dir='ltr'>quam</span> <span class='ocrx_word' id='word_1_163' title='bbox 1100 1997 1342 2045; x_wconf 87' lang='lat' dir='ltr'>saecularis,</span> <span class='ocrx_word' id='word_1_164' title='bbox 1361 2010 1512 2037; x_wconf 86' lang='lat' dir='ltr'>omnes</span> <span class='ocrx_word' id='word_1_165' title='bbox 1536 2004 1578 2037; x_wconf 91' lang='lat' dir='ltr'>et</span> <span class='ocrx_word' id='word_1_166' title='bbox 1601 1997 1794 2050; x_wconf 79' lang='lat' dir='ltr'>singulas</span> <span class='ocrx_word' id='word_1_167' title='bbox 1817 1999 1973 2038; x_wconf 84' lang='lat' dir='ltr'>domos</span> 
     </span>
     <span class='ocr_line' id='line_1_22' title="bbox 247 2071 1974 2125; baseline -0.001 -12"><span class='ocrx_word' id='word_1_168' title='bbox 247 2081 289 2113; x_wconf 88' lang='lat' dir='ltr'>et</span> <span class='ocrx_word' id='word_1_169' title='bbox 312 2073 518 2123; x_wconf 85' lang='lat' dir='ltr'>aedificia,</span> <span class='ocrx_word' id='word_1_170' title='bbox 541 2087 638 2113; x_wconf 91' lang='lat' dir='ltr'>cum</span> <span class='ocrx_word' id='word_1_171' title='bbox 663 2074 854 2125; x_wconf 77' lang='lat' dir='ltr'>gardinis</span> <span class='ocrx_word' id='word_1_172' title='bbox 877 2081 919 2113; x_wconf 94' lang='lat' dir='ltr'>et</span> <span class='ocrx_word' id='word_1_173' title='bbox 949 2073 1040 2112; x_wconf 83' lang='lat' dir='ltr'>sine</span> <span class='ocrx_word' id='word_1_174' title='bbox 1063 2072 1266 2124; x_wconf 79' lang='lat' dir='ltr'>gardinis,</span> <span class='ocrx_word' id='word_1_175' title='bbox 1290 2071 1416 2111; x_wconf 86' lang='lat' dir='ltr'>simul</span> <span class='ocrx_word' id='word_1_176' title='bbox 1448 2071 1684 2111; x_wconf 81' lang='lat' dir='ltr'>existentia</span> <span class='ocrx_word' id='word_1_177' title='bbox 1713 2078 1755 2112; x_wconf 87' lang='lat' dir='ltr'>et</span> <span class='ocrx_word' id='word_1_178' title='bbox 1781 2071 1974 2124; x_wconf 89' lang='lat' dir='ltr'>jacentia</span> 
     </span>
     <span class='ocr_line' id='line_1_23' title="bbox 247 2146 1972 2199; baseline -0.001 -12"><span class='ocrx_word' id='word_1_179' title='bbox 247 2154 337 2187; x_wconf 86' lang='lat' dir='ltr'>tam</span> <span class='ocrx_word' id='word_1_180' title='bbox 368 2148 422 2187; x_wconf 90' lang='lat' dir='ltr'>ab</span> <span class='ocrx_word' id='word_1_181' title='bbox 445 2147 588 2187; x_wconf 81' lang='lat' dir='ltr'>hostio</span> <span class='ocrx_word' id='word_1_182' title='bbox 614 2147 765 2187; x_wconf 86' lang='lat' dir='ltr'>boriali</span> <span class='ocrx_word' id='word_1_183' title='bbox 794 2147 1000 2199; x_wconf 86' lang='lat' dir='ltr'>Capellae</span> <span class='ocrx_word' id='word_1_184' title='bbox 1029 2147 1178 2188; x_wconf 82' lang='lat' dir='ltr'>Sancti</span> <span class='ocrx_word' id='word_1_185' title='bbox 1207 2146 1407 2186; x_wconf 89' lang='lat' dir='ltr'>Thomae</span> <span class='ocrx_word' id='word_1_186' title='bbox 1433 2146 1623 2186; x_wconf 78' lang='lat' dir='ltr'>Martiris</span> <span class='ocrx_word' id='word_1_187' title='bbox 1648 2146 1688 2185; x_wconf 93' lang='lat' dir='ltr'>in</span> <span class='ocrx_word' id='word_1_188' title='bbox 1713 2146 1831 2186; x_wconf 88' lang='lat' dir='ltr'>dicto</span> <span class='ocrx_word' id='word_1_189' title='bbox 1857 2147 1972 2186; x_wconf 86' lang='lat' dir='ltr'>Hos-</span> 
     </span>
     <span class='ocr_line' id='line_1_24' title="bbox 248 2221 1972 2274; baseline 0.001 -14"><span class='ocrx_word' id='word_1_190' title='bbox 248 2221 368 2273; x_wconf 88' lang='lat' dir='ltr'>pitali</span> <span class='ocrx_word' id='word_1_191' title='bbox 400 2221 634 2261; x_wconf 88' lang='lat' dir='ltr'>fabricatae</span> <span class='ocrx_word' id='word_1_192' title='bbox 670 2222 710 2260; x_wconf 87' lang='lat' dir='ltr'>in</span> <span class='ocrx_word' id='word_1_193' title='bbox 745 2221 1037 2274; x_wconf 73' lang='lat' dir='ltr'>Fysshergate</span> <span class='ocrx_word' id='word_1_194' title='bbox 1067 2235 1204 2273; x_wconf 85' lang='lat' dir='ltr'>usque</span> <span class='ocrx_word' id='word_1_195' title='bbox 1239 2221 1293 2261; x_wconf 89' lang='lat' dir='ltr'>ad</span> <span class='ocrx_word' id='word_1_196' title='bbox 1324 2222 1555 2260; x_wconf 89' lang='lat' dir='ltr'>domorum</span> <span class='ocrx_word' id='word_1_197' title='bbox 1587 2233 1811 2260; x_wconf 89' lang='lat' dir='ltr'>eorneram</span> <span class='ocrx_word' id='word_1_198' title='bbox 1842 2221 1972 2273; x_wconf 78' lang='lat' dir='ltr'>juxta</span> 
     </span>
     <span class='ocr_line' id='line_1_25' title="bbox 248 2295 1970 2347; baseline 0 -12"><span class='ocrx_word' id='word_1_199' title='bbox 248 2295 413 2335; x_wconf 87' lang='lat' dir='ltr'>fontem</span> <span class='ocrx_word' id='word_1_200' title='bbox 433 2309 578 2335; x_wconf 74' lang='lat' dir='ltr'>versus</span> <span class='ocrx_word' id='word_1_201' title='bbox 601 2296 885 2344; x_wconf 86' lang='lat' dir='ltr'>occidentem,</span> <span class='ocrx_word' id='word_1_202' title='bbox 904 2302 946 2336; x_wconf 90' lang='lat' dir='ltr'>et</span> <span class='ocrx_word' id='word_1_203' title='bbox 969 2296 1028 2335; x_wconf 78' lang='lat' dir='ltr'>sic</span> <span class='ocrx_word' id='word_1_204' title='bbox 1052 2295 1107 2335; x_wconf 90' lang='lat' dir='ltr'>ab</span> <span class='ocrx_word' id='word_1_205' title='bbox 1125 2296 1278 2335; x_wconf 88' lang='lat' dir='ltr'>eadem</span> <span class='ocrx_word' id='word_1_206' title='bbox 1302 2308 1480 2334; x_wconf 91' lang='lat' dir='ltr'>cornera</span> <span class='ocrx_word' id='word_1_207' title='bbox 1499 2308 1636 2347; x_wconf 91' lang='lat' dir='ltr'>usque</span> <span class='ocrx_word' id='word_1_208' title='bbox 1659 2295 1712 2334; x_wconf 91' lang='lat' dir='ltr'>ad</span> <span class='ocrx_word' id='word_1_209' title='bbox 1732 2295 1970 2347; x_wconf 89' lang='lat' dir='ltr'>quamdam</span> 
     </span>
     <span class='ocr_line' id='line_1_26' title="bbox 248 2368 1971 2423; baseline 0 -14"><span class='ocrx_word' id='word_1_210' title='bbox 248 2368 407 2409; x_wconf 85' lang='lat' dir='ltr'>fossam</span> <span class='ocrx_word' id='word_1_211' title='bbox 443 2370 690 2422; x_wconf 88' lang='lat' dir='ltr'>aquaticam</span> <span class='ocrx_word' id='word_1_212' title='bbox 723 2370 854 2423; x_wconf 80' lang='lat' dir='ltr'>juxta</span> <span class='ocrx_word' id='word_1_213' title='bbox 888 2370 926 2410; x_wconf 92' lang='lat' dir='ltr'>le</span> <span class='ocrx_word' id='word_1_214' title='bbox 962 2371 1228 2422; x_wconf 79' lang='lat' dir='ltr'>Buttegrene</span> <span class='ocrx_word' id='word_1_215' title='bbox 1257 2383 1404 2409; x_wconf 75' lang='lat' dir='ltr'>versus</span> <span class='ocrx_word' id='word_1_216' title='bbox 1439 2376 1656 2419; x_wconf 88' lang='lat' dir='ltr'>austrum;</span> <span class='ocrx_word' id='word_1_217' title='bbox 1689 2376 1732 2410; x_wconf 88' lang='lat' dir='ltr'>et</span> <span class='ocrx_word' id='word_1_218' title='bbox 1763 2369 1818 2409; x_wconf 90' lang='lat' dir='ltr'>cle</span> <span class='ocrx_word' id='word_1_219' title='bbox 1850 2383 1971 2422; x_wconf 89' lang='lat' dir='ltr'>prae-</span> 
     </span>
     <span class='ocr_line' id='line_1_27' title="bbox 247 2443 1971 2496; baseline 0 -13"><span class='ocrx_word' id='word_1_220' title='bbox 247 2444 373 2484; x_wconf 89' lang='lat' dir='ltr'>dietis</span> <span class='ocrx_word' id='word_1_221' title='bbox 402 2444 664 2484; x_wconf 89' lang='lat' dir='ltr'>tenementis</span> <span class='ocrx_word' id='word_1_222' title='bbox 696 2451 738 2484; x_wconf 89' lang='lat' dir='ltr'>et</span> <span class='ocrx_word' id='word_1_223' title='bbox 771 2443 988 2489; x_wconf 82' lang='lat' dir='ltr'>aedificiis,</span> <span class='ocrx_word' id='word_1_224' title='bbox 1012 2450 1140 2496; x_wconf 91' lang='lat' dir='ltr'>prout</span> <span class='ocrx_word' id='word_1_225' title='bbox 1174 2443 1302 2492; x_wconf 86' lang='lat' dir='ltr'>loeus,</span> <span class='ocrx_word' id='word_1_226' title='bbox 1326 2443 1398 2482; x_wconf 91' lang='lat' dir='ltr'>ubi</span> <span class='ocrx_word' id='word_1_227' title='bbox 1429 2443 1573 2483; x_wconf 91' lang='lat' dir='ltr'>dictae</span> <span class='ocrx_word' id='word_1_228' title='bbox 1601 2443 1759 2483; x_wconf 77' lang='lat' dir='ltr'>viduae</span> <span class='ocrx_word' id='word_1_229' title='bbox 1791 2450 1971 2484; x_wconf 89' lang='lat' dir='ltr'>manent</span> 
     </span>
     <span class='ocr_line' id='line_1_28' title="bbox 247 2517 1970 2570; baseline 0.001 -13"><span class='ocrx_word' id='word_1_230' title='bbox 247 2525 289 2558; x_wconf 91' lang='lat' dir='ltr'>et</span> <span class='ocrx_word' id='word_1_231' title='bbox 324 2518 573 2566; x_wconf 87' lang='lat' dir='ltr'>manebunt,</span> <span class='ocrx_word' id='word_1_232' title='bbox 609 2518 809 2558; x_wconf 77' lang='lat' dir='ltr'>extendit</span> <span class='ocrx_word' id='word_1_233' title='bbox 845 2532 868 2557; x_wconf 91' lang='lat' dir='ltr'>a</span> <span class='ocrx_word' id='word_1_234' title='bbox 903 2518 971 2558; x_wconf 72' lang='lat' dir='ltr'>via</span> <span class='ocrx_word' id='word_1_235' title='bbox 1005 2518 1123 2570; x_wconf 78' lang='lat' dir='ltr'>regia</span> <span class='ocrx_word' id='word_1_236' title='bbox 1156 2531 1303 2557; x_wconf 73' lang='lat' dir='ltr'>versus</span> <span class='ocrx_word' id='word_1_237' title='bbox 1338 2517 1611 2557; x_wconf 88' lang='lat' dir='ltr'>occidentem</span> <span class='ocrx_word' id='word_1_238' title='bbox 1648 2530 1784 2570; x_wconf 90' lang='lat' dir='ltr'>usque</span> <span class='ocrx_word' id='word_1_239' title='bbox 1818 2519 1872 2558; x_wconf 89' lang='lat' dir='ltr'>ad</span> <span class='ocrx_word' id='word_1_240' title='bbox 1908 2518 1970 2558; x_wconf 91' lang='lat' dir='ltr'>in-</span> 
     </span>
     <span class='ocr_line' id='line_1_29' title="bbox 246 2592 1971 2645; baseline 0.001 -14"><span class='ocrx_word' id='word_1_241' title='bbox 246 2605 441 2644; x_wconf 80' lang='lat' dir='ltr'>gressum</span> <span class='ocrx_word' id='word_1_242' title='bbox 486 2592 691 2645; x_wconf 88' lang='lat' dir='ltr'>Capellae</span> <span class='ocrx_word' id='word_1_243' title='bbox 736 2592 896 2632; x_wconf 83' lang='lat' dir='ltr'>Beatae</span> <span class='ocrx_word' id='word_1_244' title='bbox 938 2592 1131 2644; x_wconf 63' lang='lat' dir='ltr'>Virginis</span> <span class='ocrx_word' id='word_1_245' title='bbox 1171 2592 1337 2632; x_wconf 84' lang='lat' dir='ltr'>Mariae</span> <span class='ocrx_word' id='word_1_246' title='bbox 1378 2592 1628 2644; x_wconf 85' lang='lat' dir='ltr'>praedictae</span> <span class='ocrx_word' id='word_1_247' title='bbox 1664 2605 1776 2644; x_wconf 88' lang='lat' dir='ltr'>quae</span> <span class='ocrx_word' id='word_1_248' title='bbox 1813 2592 1971 2632; x_wconf 91' lang='lat' dir='ltr'>dicitur</span> 
     </span>
     <span class='ocr_line' id='line_1_30' title="bbox 247 2665 1970 2718; baseline 0 -13"><span class='ocrx_word' id='word_1_249' title='bbox 247 2665 510 2713; x_wconf 46' lang='lat' dir='ltr'>‘Parcloox’</span> <span class='ocrx_word' id='word_1_250' title='bbox 539 2672 682 2706; x_wconf 89' lang='lat' dir='ltr'>cetera</span> <span class='ocrx_word' id='word_1_251' title='bbox 704 2679 805 2705; x_wconf 75' lang='lat' dir='ltr'>vero</span> <span class='ocrx_word' id='word_1_252' title='bbox 828 2665 1025 2705; x_wconf 84' lang='lat' dir='ltr'>aedificia</span> <span class='ocrx_word' id='word_1_253' title='bbox 1048 2672 1090 2706; x_wconf 92' lang='lat' dir='ltr'>et</span> <span class='ocrx_word' id='word_1_254' title='bbox 1114 2666 1348 2718; x_wconf 80' lang='lat' dir='ltr'>mesuagia,</span> <span class='ocrx_word' id='word_1_255' title='bbox 1371 2679 1470 2705; x_wconf 90' lang='lat' dir='ltr'>cum</span> <span class='ocrx_word' id='word_1_256' title='bbox 1494 2665 1697 2718; x_wconf 81' lang='lat' dir='ltr'>gardinis,</span> <span class='ocrx_word' id='word_1_257' title='bbox 1721 2666 1970 2706; x_wconf 82' lang='lat' dir='ltr'>extendunt</span> 
     </span>
     <span class='ocr_line' id='line_1_31' title="bbox 246 2739 1970 2792; baseline 0.001 -14"><span class='ocrx_word' id='word_1_258' title='bbox 246 2753 291 2779; x_wconf 90' lang='lat' dir='ltr'>se</span> <span class='ocrx_word' id='word_1_259' title='bbox 313 2753 338 2779; x_wconf 93' lang='lat' dir='ltr'>a</span> <span class='ocrx_word' id='word_1_260' title='bbox 366 2739 435 2779; x_wconf 70' lang='lat' dir='ltr'>via</span> <span class='ocrx_word' id='word_1_261' title='bbox 457 2740 574 2791; x_wconf 79' lang='lat' dir='ltr'>regia</span> <span class='ocrx_word' id='word_1_262' title='bbox 603 2740 826 2791; x_wconf 89' lang='lat' dir='ltr'>praedicta</span> <span class='ocrx_word' id='word_1_263' title='bbox 856 2753 992 2792; x_wconf 87' lang='lat' dir='ltr'>usque</span> <span class='ocrx_word' id='word_1_264' title='bbox 1022 2740 1076 2779; x_wconf 92' lang='lat' dir='ltr'>ad</span> <span class='ocrx_word' id='word_1_265' title='bbox 1100 2740 1339 2792; x_wconf 89' lang='lat' dir='ltr'>quamdam</span> <span class='ocrx_word' id='word_1_266' title='bbox 1367 2753 1543 2792; x_wconf 89' lang='lat' dir='ltr'>saepem</span> <span class='ocrx_word' id='word_1_267' title='bbox 1566 2753 1714 2779; x_wconf 69' lang='lat' dir='ltr'>versus</span> <span class='ocrx_word' id='word_1_268' title='bbox 1736 2739 1970 2780; x_wconf 88' lang='lat' dir='ltr'>orientem:</span> 
     </span>
     <span class='ocr_line' id='line_1_32' title="bbox 246 2812 1968 2866; baseline 0.001 -14"><span class='ocrx_word' id='word_1_269' title='bbox 246 2814 435 2853; x_wconf 90' lang='lat' dir='ltr'>tenenda</span> <span class='ocrx_word' id='word_1_270' title='bbox 464 2820 506 2853; x_wconf 92' lang='lat' dir='ltr'>et</span> <span class='ocrx_word' id='word_1_271' title='bbox 534 2813 737 2853; x_wconf 87' lang='lat' dir='ltr'>habenda</span> <span class='ocrx_word' id='word_1_272' title='bbox 766 2813 913 2852; x_wconf 87' lang='lat' dir='ltr'>omnia</span> <span class='ocrx_word' id='word_1_273' title='bbox 935 2813 1051 2852; x_wconf 89' lang='lat' dir='ltr'>clieta</span> <span class='ocrx_word' id='word_1_274' title='bbox 1081 2812 1278 2853; x_wconf 86' lang='lat' dir='ltr'>aedificia</span> <span class='ocrx_word' id='word_1_275' title='bbox 1307 2820 1349 2853; x_wconf 88' lang='lat' dir='ltr'>et</span> <span class='ocrx_word' id='word_1_276' title='bbox 1380 2813 1613 2865; x_wconf 81' lang='lat' dir='ltr'>mesuagia‚</span> <span class='ocrx_word' id='word_1_277' title='bbox 1636 2827 1735 2853; x_wconf 90' lang='lat' dir='ltr'>cum</span> <span class='ocrx_word' id='word_1_278' title='bbox 1765 2814 1968 2866; x_wconf 83' lang='lat' dir='ltr'>gardinis,</span> 
     </span>
     <span class='ocr_line' id='line_1_33' title="bbox 246 2886 1968 2940; baseline 0 -13"><span class='ocrx_word' id='word_1_279' title='bbox 246 2887 496 2935; x_wconf 85' lang='lat' dir='ltr'>redditibus,</span> <span class='ocrx_word' id='word_1_280' title='bbox 529 2886 742 2939; x_wconf 86' lang='lat' dir='ltr'>proficuis,</span> <span class='ocrx_word' id='word_1_281' title='bbox 775 2894 817 2927; x_wconf 90' lang='lat' dir='ltr'>et</span> <span class='ocrx_word' id='word_1_282' title='bbox 850 2887 942 2926; x_wconf 86' lang='lat' dir='ltr'>aliis</span> <span class='ocrx_word' id='word_1_283' title='bbox 978 2887 1250 2939; x_wconf 85' lang='lat' dir='ltr'>pertinentiis</span> <span class='ocrx_word' id='word_1_284' title='bbox 1283 2887 1381 2935; x_wconf 79' lang='lat' dir='ltr'>suis,</span> <span class='ocrx_word' id='word_1_285' title='bbox 1414 2887 1655 2926; x_wconf 90' lang='lat' dir='ltr'>seeundum</span> <span class='ocrx_word' id='word_1_286' title='bbox 1689 2887 1807 2939; x_wconf 93' lang='lat' dir='ltr'>quod</span> <span class='ocrx_word' id='word_1_287' title='bbox 1845 2901 1968 2940; x_wconf 91' lang='lat' dir='ltr'>prae-</span> 
     </span>
     <span class='ocr_line' id='line_1_34' title="bbox 245 2960 1968 3014; baseline 0.001 -14"><span class='ocrx_word' id='word_1_288' title='bbox 245 2961 385 3000; x_wconf 88' lang='lat' dir='ltr'>dictus</span> <span class='ocrx_word' id='word_1_289' title='bbox 407 2961 641 3013; x_wconf 88' lang='lat' dir='ltr'>Johannes,</span> <span class='ocrx_word' id='word_1_290' title='bbox 661 2960 866 3001; x_wconf 86' lang='lat' dir='ltr'>fundator</span> <span class='ocrx_word' id='word_1_291' title='bbox 883 2961 1092 3013; x_wconf 90' lang='lat' dir='ltr'>praedicti</span> <span class='ocrx_word' id='word_1_292' title='bbox 1120 2960 1375 3013; x_wconf 86' lang='lat' dir='ltr'>Hospitalis,</span> <span class='ocrx_word' id='word_1_293' title='bbox 1395 2961 1620 3013; x_wconf 87' lang='lat' dir='ltr'>disposuit,</span> <span class='ocrx_word' id='word_1_294' title='bbox 1639 2974 1713 3000; x_wconf 89' lang='lat' dir='ltr'>seu</span> <span class='ocrx_word' id='word_1_295' title='bbox 1737 2961 1968 3014; x_wconf 88' lang='lat' dir='ltr'>disponere</span> 
     </span>
     <span class='ocr_line' id='line_1_35' title="bbox 245 3034 1967 3087; baseline 0.001 -13"><span class='ocrx_word' id='word_1_296' title='bbox 245 3034 385 3083; x_wconf 88' lang='lat' dir='ltr'>debet,</span> <span class='ocrx_word' id='word_1_297' title='bbox 424 3035 654 3087; x_wconf 88' lang='lat' dir='ltr'>praedictis</span> <span class='ocrx_word' id='word_1_298' title='bbox 691 3035 831 3074; x_wconf 69' lang='lat' dir='ltr'>viduis</span> <span class='ocrx_word' id='word_1_299' title='bbox 869 3048 983 3074; x_wconf 91' lang='lat' dir='ltr'>nune</span> <span class='ocrx_word' id='word_1_300' title='bbox 1021 3035 1332 3087; x_wconf 88' lang='lat' dir='ltr'>praesentibus,</span> <span class='ocrx_word' id='word_1_301' title='bbox 1369 3042 1410 3074; x_wconf 91' lang='lat' dir='ltr'>et</span> <span class='ocrx_word' id='word_1_302' title='bbox 1448 3048 1596 3074; x_wconf 91' lang='lat' dir='ltr'>eorum</span> <span class='ocrx_word' id='word_1_303' title='bbox 1635 3035 1967 3084; x_wconf 90' lang='lat' dir='ltr'>successoribus,</span> 
     </span>
     <span class='ocr_line' id='line_1_36' title="bbox 244 3108 1966 3161; baseline 0 -13"><span class='ocrx_word' id='word_1_304' title='bbox 244 3109 384 3148; x_wconf 70' lang='lat' dir='ltr'>viduis</span> <span class='ocrx_word' id='word_1_305' title='bbox 407 3109 448 3148; x_wconf 91' lang='lat' dir='ltr'>in</span> <span class='ocrx_word' id='word_1_306' title='bbox 473 3109 590 3149; x_wconf 89' lang='lat' dir='ltr'>dicto</span> <span class='ocrx_word' id='word_1_307' title='bbox 623 3109 843 3161; x_wconf 89' lang='lat' dir='ltr'>Hospitali</span> <span class='ocrx_word' id='word_1_308' title='bbox 876 3109 973 3148; x_wconf 92' lang='lat' dir='ltr'>Deo</span> <span class='ocrx_word' id='word_1_309' title='bbox 1003 3109 1239 3149; x_wconf 76' lang='lat' dir='ltr'>serviendis</span> <span class='ocrx_word' id='word_1_310' title='bbox 1269 3109 1311 3148; x_wconf 92' lang='lat' dir='ltr'>in</span> <span class='ocrx_word' id='word_1_311' title='bbox 1336 3108 1528 3149; x_wconf 86' lang='lat' dir='ltr'>futurum</span> <span class='ocrx_word' id='word_1_312' title='bbox 1559 3116 1601 3149; x_wconf 92' lang='lat' dir='ltr'>et</span> <span class='ocrx_word' id='word_1_313' title='bbox 1631 3110 1966 3158; x_wconf 86' lang='lat' dir='ltr'>commorandis,</span> 
     </span>
     <span class='ocr_line' id='line_1_37' title="bbox 245 3181 1966 3235; baseline 0.001 -14"><span class='ocrx_word' id='word_1_314' title='bbox 245 3195 411 3221; x_wconf 93' lang='lat' dir='ltr'>necnon</span> <span class='ocrx_word' id='word_1_315' title='bbox 446 3196 524 3234; x_wconf 88' lang='lat' dir='ltr'>pro</span> <span class='ocrx_word' id='word_1_316' title='bbox 556 3182 779 3234; x_wconf 89' lang='lat' dir='ltr'>praedicto</span> <span class='ocrx_word' id='word_1_317' title='bbox 802 3181 1032 3222; x_wconf 88' lang='lat' dir='ltr'>fundatore</span> <span class='ocrx_word' id='word_1_318' title='bbox 1061 3189 1104 3222; x_wconf 92' lang='lat' dir='ltr'>et</span> <span class='ocrx_word' id='word_1_319' title='bbox 1127 3182 1394 3235; x_wconf 89' lang='lat' dir='ltr'>[heredibus]</span> <span class='ocrx_word' id='word_1_320' title='bbox 1420 3182 1517 3231; x_wconf 78' lang='lat' dir='ltr'>suiS,</span> <span class='ocrx_word' id='word_1_321' title='bbox 1541 3189 1588 3223; x_wconf 89' lang='lat' dir='ltr'>ut</span> <span class='ocrx_word' id='word_1_322' title='bbox 1618 3183 1672 3223; x_wconf 89' lang='lat' dir='ltr'>de</span> <span class='ocrx_word' id='word_1_323' title='bbox 1698 3183 1793 3235; x_wconf 84' lang='lat' dir='ltr'>jure</span> <span class='ocrx_word' id='word_1_324' title='bbox 1821 3183 1966 3223; x_wconf 87' lang='lat' dir='ltr'>ordin-</span> 
     </span>
     <span class='ocr_line' id='line_1_38' title="bbox 245 3256 1964 3311; baseline 0.001 -16"><span class='ocrx_word' id='word_1_325' title='bbox 245 3262 364 3296; x_wconf 92' lang='lat' dir='ltr'>atum</span> <span class='ocrx_word' id='word_1_326' title='bbox 402 3263 477 3301; x_wconf 84' lang='lat' dir='ltr'>est,</span> <span class='ocrx_word' id='word_1_327' title='bbox 515 3257 760 3301; x_wconf 78' lang='lat' dir='ltr'>exorandis,</span> <span class='ocrx_word' id='word_1_328' title='bbox 799 3256 941 3301; x_wconf 85' lang='lat' dir='ltr'>libere,</span> <span class='ocrx_word' id='word_1_329' title='bbox 975 3257 1151 3309; x_wconf 81' lang='lat' dir='ltr'>integre,</span> <span class='ocrx_word' id='word_1_330' title='bbox 1184 3257 1296 3296; x_wconf 91' lang='lat' dir='ltr'>bene</span> <span class='ocrx_word' id='word_1_331' title='bbox 1329 3264 1371 3297; x_wconf 89' lang='lat' dir='ltr'>et</span> <span class='ocrx_word' id='word_1_332' title='bbox 1407 3257 1447 3296; x_wconf 90' lang='lat' dir='ltr'>in</span> <span class='ocrx_word' id='word_1_333' title='bbox 1482 3270 1598 3309; x_wconf 89' lang='lat' dir='ltr'>paee,</span> <span class='ocrx_word' id='word_1_334' title='bbox 1633 3257 1964 3311; x_wconf 84' lang='lat' dir='ltr'>imperpetuum.</span> 
     </span>
    </p>
   </div>
   <div class='ocr_carea' id='block_1_5' title="bbox 957 3362 1240 3401">
    <p class='ocr_par' dir='ltr' id='par_1_6' title="bbox 957 3362 1240 3401">
     <span class='ocr_line' id='line_1_39' title="bbox 957 3362 1240 3401; baseline 0.007 -10"><span class='ocrx_word' id='word_1_335' title='bbox 957 3366 960 3378; x_wconf 84' lang='lat'><em>=</em></span> <span class='ocrx_word' id='word_1_336' title='bbox 988 3362 1043 3401; x_wconf 47' lang='lat' dir='ltr'>aa]</span> <span class='ocrx_word' id='word_1_337' title='bbox 1065 3362 1149 3401; x_wconf 51' lang='lat' dir='ltr'>‘exj</span> <span class='ocrx_word' id='word_1_338' title='bbox 1168 3363 1240 3394; x_wconf 66' lang='lat' dir='ltr'>us.</span> 
     </span>
    </p>
   </div>
  </div>
 </body>
</html>
