2165 3835
279 399 336 437 40
546 395 766 427 RECORDS
798 396 858 427 OF
891 395 991 426 THE
1025 395 1260 427 BOROUGH
1294 396 1354 427 OF
1390 395 1738 427 NOTTINGHAM.
1873 385 2003 438 [1407

367 518 479 558 Item
504 518 665 566 dicunt,
685 518 802 570 quod
829 517 1048 558 Robertus
1073 518 1247 559 Selston
1272 517 1417 571 posuit
1439 530 1574 557 unum
1588 523 1735 570 poytre
1756 516 1797 556 in
1822 515 1910 557 alta
1927 516 2006 565 via,

279 599 321 632 et
345 591 497 632 fimum
522 592 562 632 in
587 592 656 632 via
679 593 807 645 regia,
831 592 873 632 in
898 599 1212 633 nocumentum
1237 592 1525 645 [vicinorum]

367 667 479 706 Item
510 666 671 715 dicunt,
695 667 813 719 quod
847 667 1072 719 Johannes
1105 668 1249 719 Bryan
1285 667 1417 707 habet
1455 680 1589 707 unum
1616 672 1763 719 poytre
1791 672 1833 706 et
1862 666 2008 719 posuit

280 739 429 780 fimum
455 740 495 779 in
520 739 609 780 alta
630 740 710 789 via,
734 740 776 780 in
800 747 1114 780 nocumentum
1139 740 1428 794 [vicinorum]

367 814 479 854 Item
510 814 672 863 dicunt,
696 815 813 867 quod
849 815 1069 855 Robertus
1100 814 1372 856 Chasterfeld
1409 821 1594 867 occupat
1627 828 1762 854 unum
1786 821 1932 867 poytre
1964 815 2005 853 in

279 887 368 928 alta
389 888 468 936 via,
492 894 535 928 et
558 894 686 928 nocet
708 887 896 941 vic[inis]
921 902 1019 928 cum
1044 902 1158 941 aqua
1181 889 1405 929 tincturae.

368 963 480 1002 Item
515 962 677 1012 dicunt,
710 963 828 1015 quod
867 962 1107 1003 Nicholaus
1149 963 1323 1003 Horner
1355 963 1456 1004 fecit
1493 962 1791 1004 sterculinium
1830 963 1871 1002 in
1913 962 2008 1003 Bel-

279 1036 508 1085 wardlane,
527 1036 569 1076 in
593 1043 907 1077 nocumentum
933 1036 1221 1090 [vicinorum]

368 1111 480 1150 Item
514 1111 676 1160 dicunt,
699 1111 816 1164 quod
855 1111 1071 1151 Henricus
1107 1111 1313 1164 Hiclyng,
1342 1112 1567 1165 Johanncs
1598 1110 1799 1163 &Vryghn
1823 1111 2008 1161 taillonr,

278 1185 503 1237 Johannes
547 1186 730 1238 Couper,
778 1185 994 1225 Henricus
1049 1185 1221 1238 Smyth,
1267 1186 1480 1225 Ricardus
1523 1185 1740 1237 Aunger5‚
1782 1184 2008 1237 Johannes

281 1259 468 1304 Alastre‚
510 1259 735 1311 Johannes
788 1259 981 1307 Colston,
1034 1259 1281 1300 XVillelmus
1342 1259 1492 1308 Baker,
1534 1259 1726 1308 corw'ser,
1770 1266 2010 1311 posuerunt

281 1333 431 1373 fimum
476 1334 516 1373 in
555 1333 645 1374 alta
682 1333 760 1381 via,
799 1333 840 1372 in
880 1333 1253 1386 perturbationem
1292 1333 1441 1386 populi
1483 1333 1637 1385 Regi5;
1681 1339 1724 1373 et
1761 1332 2009 1373 XVillclmus

281 1407 463 1460 Gresley
486 1407 631 1460 posuit
654 1405 804 1446 fimum
829 1406 870 1446 in
895 1407 983 1447 alta
1006 1407 1083 1447 via.

370 1482 481 1521 Item
515 1481 676 1529 dicunt,
700 1482 817 1534 quod
849 1481 1045 1521 Thomas
1076 1481 1230 1521 Arnall
1266 1488 1308 1522 et
1345 1481 1561 1522 Heni-icus
1597 1481 1738 1521 Baker
1770 1487 2009 1534 posuerunt

282 1555 431 1596 fimum
471 1556 511 1595 in
551 1556 590 1595 le
630 1555 917 1609 Horganlane
949 1570 1005 1595 ex
1041 1556 1079 1608 j‘·l
1111 1556 1223 1608 biga,
1257 1563 1299 1596 ct
1333 1555 1402 1596 alii
1441 1556 1628 1596 viatores
1666 1555 1878 1596 violenter
1914 1569 2009 1609 per-

281 1631 533 1672 turbantur..

369 1705 481 1745 Item
534 1704 695 1753 dicum,
739 1705 856 1757 quod
909 1704 1156 1744 XVillelmus
1211 1704 1488 1751 Brodholme,
1529 1703 1755 1756 Johannes
1807 1702 2009 1756 Topcliff,

283 1779 495 1819 Ricardus
545 1778 750 1827 Barbour,
788 1785 831 1819 et
874 1778 1098 1831 Johannes
1146 1778 1320 1819 Ettwell
1366 1785 1605 1831 posuerunt
1643 1777 1794 1818 fimum
1837 1778 1878 1818 in
1921 1777 2010 1819 alta

280 1853 359 1902 viag
383 1853 424 1892 in
449 1853 835 1906 perturbationem,
859 1860 936 1893 etc.

370 1927 481 1967 Item
505 1927 666 1976 dicunt,
690 1928 807 1980 quod
841 1927 1058 1967 Henricus
1086 1926 1288 1979 XVylford
1319 1934 1362 1968 et
1394 1927 1607 1967 Ricardus
1630 1926 1699 1967 del
1732 1927 1821 1967 Lee
1839 1925 2010 1979 jactant

279 2001 443 2042 cineres
476 2008 518 2042 et
542 2000 692 2041 fimum
726 2008 853 2041 extra
886 2015 1032 2041 muros
1062 2001 1237 2041 villatae
1271 2002 1311 2040 in
1347 2007 1471 2041 antra
1503 2000 1765 2049 communia,
1789 2000 1830 2039 in
1861 2000 2009 2041 obtur-

280 2076 472 2116 ationem
496 2075 713 2115 dictorum
737 2082 971 2115 antrorum.

369 2150 481 2189 Item
505 2148 667 2197 dicunt,
691 2148 808 2201 quod
841 2148 1061 2189 Robertus
1091 2148 1255 2190 Goram
1285 2155 1328 2189 et
1359 2148 1584 2202 Johannes
1615 2148 1738 2190 Coke
1769 2155 2009 2202 posuerunt

281 2223 431 2263 fimum
456 2224 496 2263 in
521 2223 610 2263 alta
632 2223 701 2262 via
735 2223 776 2262 in
801 2229 1115 2263 nocumentum
1140 2223 1429 2276 [vicinorum]⁴

370 2299 481 2338 Item
512 2298 674 2345 dicunt,
705 2297 822 2349 quod
857 2297 1103 2337 XVillelmus
1137 2297 1346 2346 Aschore,
1381 2297 1577 2337 Thomas
1612 2297 1902 2347 Normanton,
1934 2298 2008 2350 Jo-

280 2372 446 2412 hannes
484 2372 676 2420 Ferrour,
716 2371 912 2411 Thomas
957 2371 1154 2424 Bayllok,
1193 2378 1235 2412 et
1276 2372 1501 2424 Johannes
1541 2372 1730 2413 Stanton
1769 2378 2009 2424 posuerunt

281 2446 430 2486 fimum
455 2459 584 2498 super
606 2444 912 2497 Tymburhyll,
936 2445 977 2484 in
1003 2452 1318 2486 nocumentum
1343 2445 1631 2498 [vicinorum]

369 2522 480 2561 Item
514 2520 675 2567 dicunt,
704 2519 820 2572 quod
857 2519 1076 2559 Robertus
1112 2520 1348 2572 Hayward,
1380 2520 1565 2572 Magota
1599 2519 1736 2567 Perot‚
1767 2525 1810 2559 et
1842 2519 2007 2559 willel-

281 2609 376 2634 mus
406 2595 531 2634 XVest
564 2600 803 2646 posuerunt
826 2592 977 2633 fimum
1008 2608 1111 2646 prae
1141 2593 1316 2634 hostiis1
1347 2593 1434 2634 suis
1460 2593 1500 2633 in
1533 2592 1621 2634 alta
1642 2592 1722 2642 via,
1746 2592 1787 2632 in
1812 2592 2007 2645 perturb-

281 2669 484 2716 ationem,
508 2674 585 2708 etc.

369 2743 481 2782 Item
517 2742 678 2789 dicunt,
711 2742 828 2794 quod
866 2742 1065 2794 Rogerus
1103 2742 1271 2791 Shawe,
1305 2741 1551 2782 W'illelmus
1588 2741 1749 2790 Freser‚
1781 2740 2007 2793 Johannes

284 2815 479 2868 Kykton,
521 2816 746 2868 Johannes
797 2815 901 2863 Ball,
944 2823 987 2856 et
1037 2816 1262 2869 Johannes
1306 2816 1531 2868 Dyghton,
1573 2822 1725 2868 comper,
1768 2821 2007 2867 posuerunt

281 2889 432 2930 fimum
456 2890 498 2929 in
522 2890 591 2930 via
614 2890 740 2942 regia,
765 2890 806 2929 in
831 2897 1144 2930 nocumentum
1170 2889 1458 2943 [vicinorum]

369 2964 481 3003 Item
525 2963 686 3011 dicunt,
724 2963 841 3015 quod
887 2963 1100 3003 Ricardus
1144 2964 1371 3012 Sherman,
1417 2962 1606 3003 Isabella
1646 2962 1820 3011 VVarde,
1862 2962 2007 3003 Alicia

282 3037 422 3086 Clerk,
446 3037 600 3090 Agnes
625 3037 809 3089 Dytton,
832 3037 1057 3089 Johannes
1088 3037 1259 3087 Bolton,
1289 3044 1332 3078 et
1363 3037 1551 3077 Isabella
1574 3037 1740 3078 Samon
1767 3043 2007 3088 posuerunt

282 3109 433 3150 fimum
456 3124 559 3162 prae
581 3109 757 3150 hostiis1
781 3110 867 3150 suis
891 3111 933 3149 in
957 3111 1046 3151 alta
1068 3111 1148 3160 via,
1172 3112 1213 3151 in
1238 3118 1551 3151 nocumentum
1578 3110 1866 3163 [vicinorum]

370 3185 482 3224 Item
501 3184 662 3232 dicunt,
681 3184 798 3236 quod
825 3184 1044 3224 Robertus
1069 3185 1251 3237 Squyer,
1269 3184 1494 3237 Johannes
1517 3184 1763 3236 Mampton,
1781 3183 2006 3237 Johannes

283 3258 439 3306 Broun,
463 3265 505 3297 et
527 3257 751 3310 Johannes
776 3258 936 3299 Sutton
962 3265 1200 3310 posuerunt
1224 3258 1374 3298 fimum
1394 3258 1526 3310 juxta
1548 3258 1586 3297 le
1612 3257 1787 3297 Rowell.

898 3351 903 3363 ¹
930 3348 1071 3386 hostiis]
1093 3347 1285 3386 ‘hostum-,³
1303 3349 1377 3380 Ms.
