2165 3835
259 405 339 444 208
522 413 740 444 Rsscorms
773 414 833 444 or
866 413 965 444 THE
1000 413 1232 444 nonomen
1267 412 1326 443 or
1362 412 1707 443 NOTTINGHAM.
1843 402 1971 455 [1452

258 535 530 587 praedictum
565 542 640 584 est,
665 536 797 576 modo
830 542 872 576 et
901 535 1040 575 forma
1072 535 1267 588 superius
1297 534 1536 583 declaratis
1564 534 1710 586 aliquo
1742 534 1859 574 dono
1891 534 1980 574 sive

258 609 537 649 concessione
566 622 641 662 per
670 623 748 649 nos
779 616 852 649 aut
882 623 957 662 per
987 609 1174 662 aliquem
1206 608 1533 661 progenitorum
1563 614 1810 648 nostrorum
1842 609 1978 661 Burg-

258 682 432 723 ensibus
469 682 665 736 ejusdem
703 683 830 723 villae
868 683 1171 736 Notyngham’
1207 682 1274 722 vel
1312 681 1717 734 praedecessoribus
1754 682 1842 722 suis
1877 689 1978 722 ante

257 757 364 797 haec
393 763 593 810 tempora
619 756 752 806 factis,
776 764 818 798 et
840 758 958 810 quod
989 757 1089 797 inde
1118 770 1192 796 seu
1222 757 1276 797 de
1306 756 1451 796 valore
1480 755 1748 804 catallorum,
1773 757 1978 796 amercia-

259 837 517 880 mentorum,
552 831 763 880 exituum,
800 830 961 880 finium,
997 845 1071 871 seu
1114 838 1354 871 ceterorum
1394 830 1730 883 praemissorum
1769 843 1980 883 expressa

259 906 423 946 mentio
446 905 561 946 facta
584 920 670 946 non
694 906 855 954 existit,
880 920 965 946 non
990 906 1203 946 obstante.

346 980 396 1020 In
419 980 552 1032 cujus,
577 987 653 1020 etc.
717 980 849 1020 Teste
875 981 1007 1033 Rege,
1031 980 1148 1032 apud
1173 979 1394 1031 ⁷Wynton',
1419 978 1570 1031 xxviij.
1595 979 1665 1018 die
1686 978 1814 1031 Junii.

346 1055 424 1094 Per
462 1055 598 1094 Breve
632 1055 686 1094 de
723 1055 896 1095 Privato
931 1054 1095 1107 sigillo,
1131 1060 1173 1094 et
1210 1067 1288 1106 pro
1322 1053 1514 1106 quinque
1552 1053 1707 1093 marcis
1745 1052 1897 1093 solutis
1934 1053 1974 1092 in

260 1128 523 1181 Hanaperio.
1012 1128 1108 1168 Rot.
1135 1127 1236 1168 Litt.
1265 1128 1365 1175 Pat„
1390 1137 1442 1178 27
1469 1127 1579 1166 Hen.
1605 1127 1694 1175 VI.‚
1719 1141 1756 1179 p.
1783 1127 1838 1166 II.
1865 1140 1916 1167 m.
1942 1128 1976 1166 6.

545 1243 990 1286 XCVII.—General
1006 1243 1183 1283 Pardon
1207 1243 1256 1295 by
1277 1242 1327 1282 K
1328 1243 1405 1296 ing
1424 1242 1575 1294 Henry
1609 1242 1678 1282 Vl.

881 1342 997 1384 1452,
1023 1333 1275 1373 November
1303 1343 1362 1384 15.

345 1424 617 1473 HENRICUS,
657 1424 739 1464 Dei
781 1424 932 1477 gratia,
974 1425 1072 1464 Rex
1111 1424 1302 1477 Angliae
1339 1431 1381 1464 et
1422 1424 1640 1473 Franciae,
1679 1432 1721 1464 et
1762 1424 1980 1464 Dominus

258 1499 508 1547 Hiberniae,
551 1498 753 1538 omnibus
796 1498 965 1538 ballivis
1007 1505 1049 1538 et
1093 1497 1291 1538 fidelibus
1333 1498 1430 1546 suis,
1474 1498 1528 1538 ad
1571 1511 1680 1550 quos
1729 1505 1980 1551 praesentes

255 1573 422 1614 litterae
459 1572 743 1625 pervenerint,
777 1572 972 1612 salutern.
1038 1572 1195 1614 Sciatis
1230 1572 1359 1625 quod,
1393 1585 1480 1612 non
1518 1572 1658 1612 solum
1697 1572 1754 1612 ob
1791 1573 1978 1626 insignia

255 1647 408 1687 merita
445 1646 719 1686 subditorum
751 1653 794 1686 et
832 1646 1042 1699 ligeorum
1077 1653 1335 1695 nostrorum,
1359 1647 1430 1699 qui
1465 1646 1590 1686 nobis
1623 1647 1976 1699 probatissimam

255 1720 385 1761 fidem
415 1734 537 1761 suam
569 1720 761 1760 illaesam
794 1720 1274 1773 incontaminatamque
1303 1727 1539 1769 servarunt,
1562 1734 1711 1760 verum
1742 1721 1874 1762 etiam
1898 1735 1978 1762 nos

255 1796 542 1843 attendentes
585 1795 702 1847 quod
746 1793 976 1834 ineffabilis
1018 1795 1190 1834 divinae
1236 1795 1536 1847 providentiae
1578 1794 1833 1845 sublimitas,
1877 1795 1976 1837 licet

255 1870 488 1918 hominem,
512 1870 566 1909 ad
599 1869 853 1922 ymaginem
887 1876 929 1910 et
959 1869 1288 1909 similitudinem
1319 1869 1383 1909 sui
1414 1869 1650 1917 conditum,
1674 1876 1773 1922 post
1807 1870 1977 1923 lapsum

254 1944 346 1996 ejus
381 1945 422 1984 in
457 1950 697 1996 peccatum,
728 1944 782 1983 ad
813 1950 976 1984 statum
1008 1944 1174 1995 gratiae
1208 1957 1233 1983 a
1262 1957 1348 1996 quo
1378 1943 1539 1984 decidit
1570 1942 1816 1984 nullatenus
1847 1957 1903 1984 ex
1933 1958 1978 1984 se

255 2026 328 2059 aut
361 2019 447 2058 suis
474 2018 633 2058 viribus
663 2031 738 2057 seu
772 2017 945 2066 meritis,
969 2024 1033 2058 set
1063 2017 1155 2057 sola
1177 2017 1432 2070 dignatione
1455 2017 1628 2057 divinae
1654 2017 1978 2070 propitiationis

255 2101 297 2134 et
332 2092 651 2132 misericordiae
686 2092 822 2132 redire
857 2092 1086 2139 valentem,
1112 2098 1351 2132 restaurare
1386 2104 1672 2143 reparareque
1706 2092 1978 2140 decrevisset,

255 2181 341 2207 non
375 2174 521 2207 tamen
556 2167 609 2207 ad
643 2180 752 2219 opus
786 2167 927 2219 ipsum
961 2174 1050 2207 tam
1082 2167 1247 2219 grande
1276 2165 1588 2219 perficiendum
1619 2166 1816 2218 protinus
1846 2174 1888 2207 et
1916 2167 1978 2206 in-

255 2242 388 2282 dilate
424 2241 750 2294 procedendum
786 2241 925 2289 duxit,
964 2241 1066 2293 quin
1106 2241 1251 2289 immo,
1288 2247 1387 2293 post
1425 2240 1584 2280 multas
1622 2246 1664 2280 et
1702 2240 1978 2292 longissimas

255 2316 440 2356 labentis
474 2315 602 2368 hujus
636 2314 795 2354 saeculi
830 2321 1006 2363 aetates,
1031 2315 1125 2367 ipso
1157 2314 1358 2355 videlicet
1393 2327 1550 2367 genere
1584 2314 1778 2354 humano
1812 2314 1978 2368 majore

255 2392 319 2431 sui
352 2404 408 2430 ex
440 2397 563 2443 parte
593 2390 634 2429 in
666 2390 858 2442 maligna
886 2390 1092 2442 digresso,
1116 2403 1214 2429 cum
1245 2403 1374 2430 nemo
1403 2390 1457 2430 de
1491 2389 1578 2429 suis
1608 2389 1772 2430 meritis
1804 2388 1977 2441 gloriari

255 2465 477 2518 potuisset,
514 2477 623 2516 opus
665 2463 915 2516 hujusmodi
958 2470 1048 2503 tam
1092 2463 1270 2516 insigne,
1309 2470 1373 2503 tot
1416 2470 1457 2502 et
1499 2469 1721 2502 tantorum
1760 2475 1974 2502 annorum

255 2538 473 2578 curriculis
510 2544 827 2590 exspectatum,
866 2537 1110 2576 novissimis
1148 2538 1327 2577 tandem
1366 2536 1635 2590 temporibus
1672 2537 1839 2577 censuit
1875 2550 1976 2577 con-

255 2612 586 2653 summandum:
627 2611 749 2664 cujus
786 2624 907 2651 sacra
943 2611 1137 2664 vestigia,
1175 2625 1252 2664 pro
1289 2617 1464 2652 nostrae
1501 2610 1766 2651 modicitatis
1803 2610 1975 2659 viribus,

255 2687 375 2740 sequi
407 2686 649 2738 sectarique
681 2685 915 2737 cupientes,
946 2685 1270 2726 considerantes
1300 2685 1530 2738 plerosque
1559 2684 1848 2740 ligeorum-ac
1875 2684 1975 2724 sub—

255 2761 445 2801 ditorum
487 2766 733 2800 nostrorum
777 2759 818 2798 in
861 2759 1039 2799 diversis
1081 2759 1209 2812 hujus
1252 2760 1371 2812 regni
1409 2759 1543 2799 nostri
1587 2758 1782 2811 partibus
1824 2764 1976 2798 contra

258 2835 402 2875 Deum
437 2841 479 2874 et
510 2833 735 2886 justitiam,
771 2847 819 2872 ae
861 2840 1012 2873 contra
1045 2834 1306 2885 dignitatem
1349 2841 1391 2874 et
1433 2833 1737 2873 auctoritatem
1781 2838 1975 2871 nostram

256 2910 430 2961 regiam,
455 2921 503 2947 ac
526 2907 731 2947 adversus
754 2906 1116 2959 tranquillitatem
1146 2914 1189 2948 et
1211 2921 1364 2960 pacem
1394 2907 1522 2959 hujus
1546 2907 1665 2958 regni
1694 2907 1829 2946 nostri
1852 2913 1895 2946 et
1918 2906 1976 2946 rei

257 2982 455 3035 publicae
478 2981 602 3021 nobis
625 2981 894 3029 commissae,
913 2981 954 3020 in
979 2982 1112 3022 nostri
1136 2981 1370 3034 legumque
1392 2987 1637 3021 nostrarum
1661 2986 1975 3032 contemptum,

257 3055 552 3108 multipliciter
574 3053 817 3103 offendisse,
842 3055 1055 3107 quosdam
1086 3055 1287 3096 videlicet
1316 3055 1511 3095 enormia
1533 3061 1664 3107 atque
1685 3054 1844 3106 gravia,
1868 3053 1975 3093 alios

256 3130 420 3169 leniora
441 3129 622 3168 crimina
644 3135 774 3181 atque
792 3129 951 3169 delicta
973 3130 1277 3182 perpetrando,
1296 3135 1338 3169 et
1361 3129 1520 3169 idcirco
1543 3134 1717 3168 nostrae
1735 3127 1976 3167 severitatis

257 3210 299 3243 et
336 3203 634 3255 castigationis
672 3202 843 3242 aculeos
882 3203 1036 3242 merito
1073 3202 1307 3242 formidare
1343 3202 1519 3242 debere:
1565 3203 1669 3251 Nos,
1707 3214 1974 3254 quamquam

257 3284 434 3329 propter
457 3290 606 3315 eorum
626 3276 951 3316 multitudinem
976 3277 1310 3316 misericorditer
1331 3289 1428 3315 cum
1453 3276 1512 3315 eis
1536 3275 1755 3328 agendum
1779 3274 1975 3314 existim—

259 3352 483 3398 averimus,
522 3363 607 3389 non
651 3357 798 3390 tamen
842 3350 1065 3403 praecipiti
1103 3350 1167 3389 vel
1211 3350 1443 3389 immatura
1478 3348 1755 3389 festinatione
1797 3348 1850 3387 ad
1893 3347 1975 3386 hoc
