2165 3835
241 413 323 453 204
505 412 723 444 RECORDs
756 413 816 444 OF
849 413 948 443 THE
982 412 1217 444 BOROUGH
1250 412 1310 444 OF
1346 412 1694 444 NOTTINGHAM.
1829 403 1958 457 [1448

328 535 385 574 Et
420 534 603 587 insuper,
639 549 696 575 ex
735 549 853 575 mero
892 542 1012 575 motu
1055 542 1097 575 et
1139 542 1256 575 certa
1297 535 1478 575 scientia
1515 535 1672 575 nostris
1714 535 1957 587 praedictis,

239 610 532 649 concessimus
567 616 609 650 et
644 623 719 662 per
752 616 1002 662 praesentes
1037 609 1356 657 confirmamus,
1381 622 1459 661 pro
1493 608 1628 656 nobis,
1651 608 1882 648 heredibus
1917 615 1959 648 et

239 683 560 723 successoribus
597 683 755 723 nostris
797 683 1040 735 praedictis,
1079 682 1283 736 praefatis
1326 695 1440 722 nunc
1484 682 1777 735 Burgensibus
1819 683 1961 723 dictae

239 757 366 797 villae
390 758 703 811 Notyngham'‚
723 771 772 797 ac
795 771 943 797 eorum
967 757 1198 797 heredibus
1221 763 1263 797 et
1286 756 1604 796 successoribus
1628 756 1859 809 praedictis
1883 757 1960 796 im-

241 838 511 884 perpetuum,
535 832 652 885 quod
685 831 959 874 Senescallus
989 837 1030 872 et
1054 831 1337 871 Marescallus
1367 830 1560 883 Hospitii
1584 831 1729 879 nostri,
1752 830 1960 870 heredum

240 905 306 945 vel
331 919 627 945 successorum
655 912 913 953 nostrorum,
939 919 987 944 ae
1012 905 1202 946 Clericus
1234 905 1416 945 Mercati
1451 905 1668 957 Hospitii1
1699 905 1845 954 nostri,
1868 905 1962 945 her-

241 980 372 1019 edum
403 993 477 1019 seu
507 993 805 1020 successorum
836 986 1094 1028 nostrorum,
1119 980 1172 1019 de
1195 986 1338 1019 cetero
1368 993 1446 1019 nec
1470 979 1510 1018 in
1535 979 1781 1031 praesentia
1803 985 1961 1027 nostra,

241 1066 318 1092 nec
356 1053 398 1092 in
441 1053 639 1093 absentia
680 1059 839 1102 nostra,
878 1053 1085 1093 heredum
1129 1053 1195 1093 vel
1238 1067 1535 1093 successorum
1579 1059 1837 1101 nostrorum,
1875 1067 1962 1092 non

241 1127 538 1178 ingrediantur
572 1140 651 1167 nec
681 1127 873 1176 sedeant,
904 1140 982 1166 nec
1015 1140 1163 1167 eorum
1200 1127 1354 1179 aliquis
1387 1127 1655 1179 ingrediatur
1689 1140 1767 1167 nec
1802 1127 1962 1175 sedeat,

241 1199 351 1240 infra
373 1201 557 1241 eandem
584 1201 731 1241 villam
756 1207 830 1241 aut
853 1201 1097 1241 libertatem
1122 1207 1164 1241 et
1187 1201 1435 1253 procinctus
1458 1201 1654 1253 ejusdem
1678 1201 1805 1241 villae
1835 1207 1963 1254 prout

241 1288 286 1314 se
320 1275 568 1315 extendunt
605 1275 671 1315 vel
706 1281 896 1323 utuntur,
927 1275 1124 1327 exeeptis
1159 1275 1492 1327 prae-exceptis,
1523 1275 1577 1315 ad
1601 1273 1744 1314 officia
1778 1288 1855 1314 sua
1888 1288 1962 1314 seu

242 1347 433 1388 officium
457 1348 637 1401 alicujus
661 1362 809 1388 eorum
836 1348 997 1388 ibidem
1022 1348 1063 1388 in
1088 1348 1234 1401 aliquo
1263 1349 1535 1388 excercenda
1557 1362 1631 1388 seu
1655 1350 1807 1401 quovis
1832 1350 1964 1389 modo

242 1424 504 1475 exequenda
532 1423 597 1463 vel
632 1422 840 1471 facienda,
871 1436 949 1462 nec
983 1423 1023 1462 in
1055 1422 1265 1475 placitum
1297 1423 1484 1471 trahant,
1513 1422 1579 1463 vel
1611 1423 1766 1471 trahat,
1797 1423 1964 1475 aliquos

242 1497 479 1551 burgenses
512 1497 707 1550 ejusdem
743 1497 870 1537 villae
905 1504 978 1537 aut
1013 1497 1180 1550 aliquas
1215 1511 1422 1550 personas
1456 1497 1566 1537 infra
1598 1498 1782 1538 eandem
1816 1497 1963 1537 villam

243 1585 317 1612 seu
352 1571 596 1612 libertatem
632 1578 674 1611 et
709 1572 956 1624 procinctus
990 1571 1184 1623 ejusdem
1221 1571 1347 1611 villae
1381 1577 1508 1623 prout
1543 1584 1588 1610 se
1620 1572 1868 1612 extendunt
1897 1571 1963 1612 vel

243 1652 433 1695 utuntur,
476 1646 673 1698 exceptis
715 1646 1048 1698 prae-exceptis
1093 1645 1330 1685 residentes
1372 1659 1450 1697 pro
1497 1645 1712 1698 aliquibus
1762 1646 1963 1694 materiis,

242 1720 392 1769 causis,
416 1720 596 1773 placitis,
616 1720 811 1773 que1·eliS‚
836 1726 910 1760 aut
933 1719 1059 1759 rebus
1083 1719 1430 1772 quibuscumque
1453 1733 1599 1760 coram
1623 1721 1694 1769 eis,
1717 1734 1792 1760 seu
1815 1734 1962 1760 eorum

242 1794 398 1847 aliquo,
422 1795 778 1847 contingentibus
802 1808 876 1834 seu
899 1794 1191 1834 existentibus
1215 1807 1392 1847 quoquo
1416 1795 1549 1835 modo
1572 1795 1613 1835 in
1638 1794 1840 1835 futurum.

329 1869 636 1910 Concessimus
669 1869 812 1917 etiam,
836 1882 893 1908 ex
927 1881 1046 1908 mero
1077 1874 1197 1908 motu
1228 1875 1270 1908 et
1300 1875 1417 1909 certa
1447 1869 1628 1910 scientia
1657 1869 1815 1909 nostris
1843 1882 1963 1921 prae-

241 1943 378 1991 dictis,
416 1949 458 1984 et
495 1943 714 1983 licentiam
752 1943 964 1990 dedimus,
1003 1956 1080 1995 pro
1122 1942 1257 1990 nobis,
1296 1942 1526 1982 heredibus
1563 1949 1606 1983 et
1644 1942 1963 1983 successoribus

242 2017 398 2056 nostris
433 2017 675 2069 praedictis,
705 2015 910 2069 praefatis
944 2029 1057 2056 nunc
1089 2016 1383 2068 Burgensibus
1418 2017 1667 2069 praedictae
1695 2017 1822 2057 villae
1853 2017 1963 2057 Not-

241 2090 459 2143 yngham',
493 2097 535 2131 et
567 2090 887 2130 successoribus
920 2091 1017 2138 suis,
1051 2104 1099 2130 ac
1133 2091 1391 2143 cuicumque
1425 2091 1495 2130 alii
1528 2091 1731 2144 burgensi
1768 2090 1963 2143 ejusdem

241 2164 366 2204 villae
408 2179 486 2217 pro
528 2172 724 2217 tempore
758 2164 976 2212 existenti,
1011 2165 1082 2216 qui
1119 2164 1447 2204 Aldermannus
1482 2164 1608 2204 villae
1646 2165 1756 2204 illius
1791 2165 1963 2212 existet,

241 2239 357 2290 quod
378 2237 666 2278 Aldermanni
686 2238 881 2289 ejusdem
906 2237 1032 2277 villae
1055 2239 1376 2291 imperpetuum
1401 2252 1478 2291 pro
1501 2245 1698 2291 tempore
1721 2239 1962 2279 existentes

242 2312 303 2352 uti
338 2311 511 2352 valeant
545 2312 669 2364 togis,
699 2311 884 2363 capiciis,
915 2317 956 2351 et
991 2311 1186 2352 collobiis
1222 2313 1275 2352 de
1310 2326 1396 2352 una
1429 2320 1547 2352 secta
1581 2320 1624 2352 et
1653 2326 1739 2352 una
1768 2313 1959 2361 liberata,

241 2385 368 2425 simul
402 2399 500 2425 cum
531 2385 705 2425 furruris
739 2392 781 2425 et
816 2385 1011 2425 linaturis
1046 2385 1241 2426 collobiis
1272 2386 1352 2425 illis
1383 2386 1773 2435 convenientibus,2
1796 2387 1959 2427 eisdem

242 2460 374 2499 modo
397 2466 439 2499 et
462 2459 602 2500 forma
624 2466 752 2512 prout
776 2459 920 2511 Major
949 2467 991 2499 et
1014 2460 1305 2500 Aldermanni
1331 2461 1530 2502 Civitatis
1560 2468 1734 2501 nostrae
1765 2461 1964 2501 London'

243 2540 432 2583 utuntur,
453 2535 632 2576 Statuto
654 2535 708 2573 de
734 2533 948 2573 Liberatis
974 2535 1222 2573 Pannorum
1246 2541 1288 2574 et
1313 2535 1589 2587 Capiciorum
1615 2541 1688 2574 aut
1712 2534 1857 2587 aliquo
1880 2535 1965 2574 alio

244 2608 422 2649 Statuto
445 2609 533 2648 sive
555 2608 831 2648 ordinatione
854 2615 955 2648 ante
977 2608 1083 2648 haec
1107 2615 1306 2660 tempora
1329 2609 1456 2648 editis
1480 2622 1565 2647 non
1590 2609 1876 2648 obstantibus.

328 2682 544 2722 Volumus
568 2688 726 2731 tamen,
751 2683 868 2734 quod
892 2682 1074 2734 quilibet
1105 2683 1426 2734 praedictorum
1454 2683 1738 2722 Escaetorum
1769 2689 1811 2730 et
1834 2682 1962 2722 Vice-

242 2757 451 2796 comitum
474 2756 601 2795 villae
624 2756 734 2795 illius
765 2770 842 2808 pro
864 2762 1062 2808 tempore
1091 2756 1386 2804 existentium,
1410 2762 1538 2808 prout
1563 2757 1616 2796 ad
1644 2769 1770 2796 suum
1794 2762 1964 2808 spectat

241 2829 443 2878 officium,
467 2830 521 2869 de
543 2830 661 2869 omni
689 2844 740 2869 eo
762 2829 871 2869 infra
894 2831 1077 2869 eandem
1108 2829 1255 2869 villam
1286 2843 1334 2869 ac
1364 2829 1609 2869 libertatem
1641 2837 1683 2870 et
1712 2830 1962 2882 procinctus

243 2904 437 2955 ejusdem
456 2903 839 2956 villae—exceptis
858 2904 1122 2943 omnimodis
1142 2903 1308 2951 finibus,
1328 2903 1529 2952 exitibus,
1548 2909 1590 2943 et
1613 2904 1962 2943 amerciamentis

243 2977 474 3029 praedictis
507 2990 652 3016 coram
684 2977 934 3028 Justitiariis
970 2977 1091 3016 Pacis
1121 2976 1231 3016 infra
1257 2977 1441 3017 eandem
1465 2977 1611 3016 villam
1643 2983 1685 3017 et
1714 2978 1962 3030 procinctus

243 3050 438 3102 ejusdem
462 3050 588 3090 villae
611 3057 738 3102 prout
760 3063 805 3089 se
828 3051 1075 3090 extendunt
1097 3051 1162 3090 vel
1186 3057 1376 3099 utuntur,
1399 3051 1596 3103 exceptis
1626 3052 1960 3103 prae-exceptis,

244 3138 318 3164 seu
342 3125 508 3164 ratione
529 3124 796 3176 Justitiai'iae
821 3124 942 3163 Pacis
966 3124 1126 3164 ibidem
1152 3124 1275 3164 factis
1302 3138 1375 3164 seu
1400 3124 1618 3173 faciendis,
1643 3124 1872 3165 forisfactis
1894 3124 1962 3164 vel

245 3196 513 3245 forisfiendis,
546 3197 920 3249 qualitercumque
953 3198 1319 3249 provenientibus,
1353 3205 1395 3238 et
1427 3199 1623 3251 exeeptis
1656 3199 1808 3238 ceteris
1841 3211 1962 3251 prae-

246 3271 385 3310 missis
419 3270 623 3322 praefatis
658 3284 771 3311 nunc
808 3271 1102 3323 Burgensibus
1132 3271 1258 3311 villae
1287 3271 1409 3319 illius,
1440 3279 1481 3312 et
1514 3272 1832 3312 successoribus
1865 3272 1961 3320 suis,

291 3363 296 3375 ¹
325 3359 398 3390 The
417 3359 515 3391 Clerk
532 3359 570 3390 os
584 3360 637 3391 the
656 3359 786 3391 Market
803 3359 867 3391 had
885 3360 1081 3401 cognizance
1098 3360 1135 3391 of
1150 3360 1286 3401 weights
1302 3361 1366 3392 and
1384 3372 1564 3399 measures3
1589 3362 1689 3399 Flam,
1709 3362 1741 3393 ii.
1762 3361 1792 3400 8,
1812 3370 1842 3401 9,
1866 3370 1913 3393 12.
