2165 3835
318 400 395 439 312
580 395 799 431 RECORDs
831 399 892 431 OF
924 398 1024 430 THE
1058 396 1293 431 BOROUGH
1327 397 1386 430 OF
1422 397 1767 430 NoTTmGHAM.
1902 386 2031 442 [1480

315 519 393 559 fuit
427 534 453 560 a
485 526 682 573 tempore
715 535 803 574 quo
836 535 922 562 non
958 529 1083 563 extat
1117 521 1337 570 memoria,
1372 527 1414 561 et
1447 527 1512 562 est
1545 534 1594 561 ac
1628 534 1703 573 per
1738 526 1879 561 totum
1918 521 2032 561 idern

314 601 487 647 tempus
510 595 657 636 extitit
679 596 734 635 de
756 609 844 636 uno
874 597 1043 650 Majore
1066 603 1108 637 et
1139 595 1434 649 Burgensibus
1455 594 1583 635 villae
1604 595 1716 635 illius
1739 595 2032 648 incorporata;

312 668 623 721 praedictaque
649 669 749 710 villa
781 670 836 710 de
870 670 1052 711 Retford
1086 670 1283 711 similiter
1314 676 1389 719 est,
1419 676 1462 710 et
1494 683 1519 709 a
1549 675 1644 710 toto
1675 675 1872 722 tempore
1902 682 2034 722 supra

310 741 429 781 dicto
452 741 531 782 fuit
563 744 768 796 antiquus
801 744 962 797 burgus
991 752 1033 785 et
1064 745 1117 784 de
1146 743 1282 784 tribus
1314 743 1489 784 Ballivis
1518 749 1560 784 et
1590 742 1884 796 Burgensibus
1906 742 2032 783 villae

311 815 423 856 illius
467 829 542 869 per
586 824 726 858 totum
772 825 946 872 tempus
990 819 1095 859 illud
1140 819 1435 870 incorporata;
1487 830 1536 858 ac
1578 817 1756 870 quidam
1807 816 2032 870 Johannes

312 889 554 943 Mapurley‚
589 904 725 944 nuper
759 892 904 945 Major
936 893 1184 946 praedictae
1216 892 1343 932 villae
1377 892 1690 944 Notyngham’‚
1723 898 1765 932 et
1799 897 1902 932 tunc
1934 890 2032 931 bur-

310 977 465 1016 genses
517 964 712 1017 ejusdem
760 966 897 1016 villae,
944 967 1298 1019 praedecessores
1351 966 1540 1019 ipsorum
1595 979 1708 1005 nunc
1761 964 1942 1017 Majoris
1989 971 2033 1005 et

313 1037 600 1090 Burgensium
624 1039 751 1080 villae
774 1040 896 1089 illius,
919 1041 1051 1081 seisiti
1076 1040 1248 1081 fuerunt
1271 1041 1325 1080 de
1348 1053 1494 1080 annuo
1517 1040 1688 1080 redditu
1710 1039 1934 1092 praedicto
1956 1052 2032 1092 per

312 1124 466 1151 manus
501 1112 708 1152 willelmi
748 1113 1047 1163 Brokeshawe,
1083 1115 1298 1167 Johannis
1337 1114 1542 1154 Breknok
1579 1120 1620 1153 et
1662 1114 1838 1153 Henrici
1878 1114 2031 1166 Sharp‚

311 1198 447 1237 nuper
482 1186 746 1227 Ballivorum
783 1189 1030 1240 praedictae
1060 1189 1186 1229 villae
1218 1190 1271 1229 de
1307 1188 1501 1237 Retford,
1534 1195 1576 1228 et
1608 1195 1710 1228 tunc
1745 1188 2030 1240 Burgensium

311 1260 506 1311 ejusdem
550 1261 686 1310 villae,
729 1263 1110 1314 praedecessorum
1154 1263 1474 1316 praedictorum
1522 1275 1635 1302 nunc
1684 1262 1947 1302 Ballivorum
1990 1268 2032 1302 et

313 1334 600 1387 Burgensiurn
624 1336 751 1376 villae
773 1336 895 1385 illius,
919 1337 1099 1389 singulis
1123 1337 1247 1377 annis
1270 1337 1324 1377 ad
1349 1335 1459 1377 festa
1484 1336 1674 1376 Paschae
1704 1342 1746 1376 et
1776 1336 2031 1376 Nativitatis

310 1408 472 1448 Beatae
500 1409 666 1449 Mariae
688 1410 882 1462 Virginis
906 1411 1054 1463 aequis
1078 1411 1349 1463 portionibus
1373 1411 1488 1463 apud
1521 1410 1821 1462 Notyngham‚
1845 1410 1886 1450 in
1910 1423 2031 1463 prae-

309 1483 427 1522 dicto
470 1483 694 1525 Comitatu
739 1484 1036 1536 Notingham',
1080 1485 1309 1535 solvend03
1362 1485 1580 1537 iidemque
1622 1497 1758 1537 nuper
1805 1484 1949 1537 Major
1989 1491 2032 1525 et

310 1556 553 1610 Burgenses
595 1558 843 1610 praedictae
877 1558 1003 1599 villae
1048 1560 1358 1612 Notyngharn'‚
1401 1567 1442 1599 et
1484 1573 1635 1599 omnes
1678 1559 2030 1612 praedecessores

308 1630 382 1678 sui,
419 1632 610 1684 Majores
646 1640 687 1672 et
727 1633 971 1685 Burgenses
1004 1634 1130 1674 villae
1166 1634 1287 1682 illius,
1323 1635 1563 1674 successive
1598 1634 1770 1674 fuerunt
1806 1634 1939 1674 seisiti
1977 1634 2031 1673 de

308 1719 453 1746 annuo
476 1707 645 1747 redditu
670 1708 893 1760 praedicto
917 1722 991 1760 per
1015 1722 1168 1748 manus
1192 1709 1512 1761 praedictorum
1537 1722 1673 1762 nuper
1701 1708 1964 1748 Ballivorum
1988 1714 2030 1747 et

309 1779 595 1832 Burgensium
627 1781 876 1833 praedictae
899 1782 1024 1821 villae
1054 1783 1108 1822 de
1141 1783 1334 1832 Retford,
1358 1790 1399 1823 et
1423 1784 1624 1823 omnium·
1649 1784 2028 1836 praedecessorum

307 1867 493 1903 suorum,
519 1855 784 1895 Ballivorum
812 1863 854 1895 et
887 1856 1173 1909 Burgensium
1198 1857 1325 1897 villae
1348 1858 1470 1906 illius,
1495 1857 1673 1910 singulis
1697 1857 1820 1897 annis
1843 1857 1896 1897 ad
1922 1856 2030 1897 festa

306 1930 529 1980 praedicta
552 1931 700 1982 aequis
724 1931 996 1982 portionibus
1020 1932 1135 1983 apud
1162 1932 1461 1984 Notyngham‚
1487 1932 1527 1970 in
1551 1931 1775 1984 praedicto
1806 1931 2028 1972 Comitatu

308 2004 603 2057 Notingham',
627 2004 847 2054 solvendo,
871 2019 894 2044 a
917 2012 1114 2058 tempore
1137 2020 1223 2058 quo
1247 2019 1331 2045 non
1363 2012 1486 2046 extat
1518 2005 1727 2045 memoria
1756 2018 1891 2058 usque
1921 2005 2029 2046 duos

306 2091 443 2118 annos
485 2079 690 2131 proximo
732 2086 833 2120 ante
875 2080 988 2119 diem
1035 2081 1352 2133 impetrationis
1399 2081 1539 2121 brevis
1591 2081 1811 2133 praedicti,
1854 2080 2028 2129 scilicet,

305 2159 509 2193 octavum
552 2154 667 2194 diem
712 2154 994 2207 Septembris,
1034 2168 1149 2194 anno
1192 2156 1310 2207 regni
1356 2155 1534 2195 Domini
1581 2155 1713 2207 Regis
1751 2167 1863 2194 nunc
1901 2161 2029 2195 sexto

305 2228 521 2278 decimo31
567 2228 646 2281 [et]
680 2229 796 2281 quod
831 2229 1040 2281 praedicti
1076 2242 1190 2269 nunc
1230 2230 1381 2270 Ballivi
1421 2237 1463 2270 et
1502 2230 1744 2282 Burgenses
1782 2229 2028 2281 praedictae

303 2301 431 2342 Villae
459 2303 514 2343 de
546 2302 729 2343 Retford
760 2316 953 2343 annuum
985 2304 1204 2344 redditum
1235 2304 1506 2357 praedictum
1531 2304 1694 2344 eisdem
1725 2316 1838 2344 nunc
1869 2303 2027 2357 Majori

304 2382 346 2417 et
379 2376 674 2430 Burgensibus
708 2378 956 2430 praedictae
982 2378 1109 2418 villae
1143 2378 1443 2432 Notyngham’
1477 2378 1799 2428 subtraxerunt,
1832 2384 1874 2419 et
1906 2378 2025 2418 illum

303 2449 363 2490 eis
385 2451 564 2491 reddere
587 2453 959 2501 contradixerunt,
983 2459 1025 2493 et
1055 2453 1197 2493 adhuc
1228 2453 1552 2494 contradicunt:
1584 2453 1699 2493 unde
1725 2453 1886 2502 dicunt,
1909 2453 2025 2506 quod

303 2524 551 2567 deteriorati
580 2533 682 2568 sunt
712 2533 754 2568 et
784 2528 1026 2580 dampnum
1057 2527 1221 2568 habent
1251 2529 1305 2568 ad
1328 2527 1563 2569 valentiam
1594 2534 1768 2569 centum
1798 2527 2025 2577 librarum;

302 2604 345 2638 et
367 2599 468 2639 inde
491 2601 737 2652 producunt
761 2608 936 2650 sectam,
960 2608 1036 2642 etc.

389 2673 470 2714 ‘Et
500 2675 708 2727 praedicti
740 2689 853 2716 nune
884 2675 1035 2716 Ballivi
1069 2682 1111 2716 et
1142 2675 1385 2729 Burgenses
1415 2676 1663 2728 praedictae
1686 2676 1812 2726 villae
1840 2676 1894 2716 de
1922 2676 2025 2716 Ret-

302 2746 406 2797 ford,
437 2762 512 2801 per
546 2749 719 2790 Petrum
755 2749 994 2803 Staynford
1029 2756 1297 2790 attornatum
1331 2763 1468 2798 suum,
1491 2750 1681 2797 veniunt,
1711 2756 1753 2790 et
1785 2749 2025 2790 defendunt

301 2821 387 2861 vim
418 2828 461 2862 et
490 2822 690 2875 injuriam
721 2825 909 2876 quando,
933 2831 1032 2874 etc.;
1067 2831 1108 2865 et
1138 2824 1299 2874 dicunt,
1330 2825 1446 2877 quod
1477 2823 1685 2876 praedicti
1713 2837 1849 2877 nuper
1879 2824 2024 2877 Major

300 2902 342 2936 et
376 2896 620 2949 Burgenses
650 2898 898 2950 praedictae
921 2898 1048 2938 villae
1082 2898 1394 2951 Notyngham',
1419 2904 1461 2938 et
1489 2911 1641 2938 omnes
1670 2898 2024 2950 praedecessores

299 2970 375 3019 sui,
417 2970 610 3023 Majores
656 2978 698 3012 et
747 2972 990 3025 Burgenses
1035 2972 1230 3025 ejusdem
1273 2972 1410 3020 villae,
1453 2985 1538 3011 non
1583 2971 1754 3012 fuerunt
1795 2972 1927 3013 seisiti
1969 2972 2025 3012 de

300 3057 445 3083 annuo
468 3044 639 3084 redditu
663 3046 887 3097 praedicto
909 3060 985 3099 per
1007 3059 1161 3087 manus
1185 3046 1506 3099 praedictorum
1530 3059 1667 3099 nuper
1690 3047 1955 3087 Ballivorum
1979 3053 2022 3086 et

300 3117 589 3171 Burgensium
612 3120 860 3171 praedictae
882 3121 1009 3161 villae
1039 3122 1093 3161 de
1125 3121 1319 3170 Retford,
1343 3127 1386 3160 et
1414 3120 1610 3160 omnium
1640 3122 2021 3173 praedecessorum

298 3204 486 3241 suorum,
511 3192 776 3234 Ballivorum
800 3200 843 3234 et
873 3194 1162 3247 Burgensium
1185 3195 1312 3235 villae
1338 3194 1461 3243 illius,
1485 3194 1664 3247 singulis
1688 3195 1811 3235 annis
1834 3196 1888 3235 ad
1912 3195 2021 3235 festa

299 3266 521 3318 praedicta
543 3268 691 3319 aequis
715 3268 988 3320 portionibus
1011 3269 1126 3322 apud
1157 3269 1458 3321 Notyngham,
1483 3269 1524 3308 in
1548 3269 1771 3320 praedicto
1798 3268 2019 3310 Comitatu

879 3360 887 3374 ¹
916 3358 1061 3398 Sunday‚
1083 3358 1278 3399 September
1295 3357 1324 3396 8,
1349 3358 1438 3396 1476.
