2165 3835
316 422 344 458 4
584 416 802 447 RECORDS
835 416 895 446 OF
929 415 1027 445 THE
1062 415 1296 445 BOROUGH
1331 414 1390 444 OF
1427 412 1772 443 NOTTINGHAM.
1909 404 2040 456 [1399

316 538 495 586 avimus,
547 536 753 590 praefatis
807 536 977 589 Majori,
1028 535 1204 576 Ballivis
1252 542 1294 575 et
1347 535 1653 587 Burgensibus,
1696 536 1813 588 quod
1867 535 1946 588 ipsi
1999 542 2041 575 et

317 625 467 652 eorum
510 611 691 651 heredes
737 617 780 651 et
821 623 1089 650 successores
1138 609 1459 662 imperpetuum
1502 608 1694 649 habeant
1742 608 1852 648 infra
1892 608 2040 648 villam

316 685 585 738 praedictam
615 685 887 737 cognitiones
917 683 1114 723 omnium
1144 682 1403 735 placitorum
1433 696 1510 734 per
1539 682 1754 734 Majorem
1785 688 1828 722 et
1852 682 2041 722 Ballivos

317 758 515 811 ejusdem
548 757 675 797 villae
707 771 785 810 pro
817 764 1014 809 tempore
1049 756 1300 805 existentes,
1328 769 1402 795 seu
1433 756 1550 804 alios,
1578 769 1687 808 quos
1723 757 1777 796 ad
1818 756 1900 795 hoe
1937 756 2041 808 dep-

318 832 546 880 utaverint,
585 831 886 879 tenendorum,
924 837 1014 870 tam
1053 829 1254 869 videlicet
1295 829 1350 869 de
1392 829 1524 877 terris,
1560 829 1822 869 tenementis
1865 835 1907 869 et
1949 829 2042 869 red-

317 906 479 946 ditibus
528 904 639 944 infra
687 904 932 944 libertatem
982 903 1109 943 villae
1157 903 1407 955 praedictae
1455 902 1757 950 existentibus,
1807 916 1939 954 quam
1988 902 2043 941 de

317 978 744 1031 transgressionibus,
787 977 1160 1024 conventionibus,
1203 976 1509 1024 contractibus,
1547 976 1733 1027 negotiis
1775 982 1817 1016 et
1859 975 2043 1028 querelis

318 1053 676 1106 quibuscumque,
712 1050 821 1091 infra
859 1051 1104 1091 libertatem
1143 1050 1411 1102 praedictam
1450 1063 1499 1089 ac
1536 1050 1807 1102 procinctum
1846 1049 2042 1102 ejusdem

318 1126 446 1166 villae
473 1125 796 1177 emergentibus
823 1125 912 1164 sive
939 1123 1073 1172 factis,
1103 1124 1158 1163 de
1187 1123 1535 1176 quibuscumque
1562 1123 1811 1163 tenentibus
1841 1130 1884 1164 et
1913 1124 2044 1163 resid-

317 1199 490 1240 entibus
528 1198 638 1239 infra
675 1198 851 1239 feodum
885 1198 1012 1238 villae
1049 1197 1319 1250 praedictae,
1362 1211 1411 1237 ac
1449 1197 1580 1237 etiam
1620 1197 1879 1249 placitorum
1918 1197 2043 1237 assis-

319 1287 440 1314 arum
478 1274 532 1314 de
574 1273 736 1313 tenuris
780 1272 889 1312 infra
930 1272 1115 1312 eandem
1153 1270 1411 1319 libertatem,
1454 1284 1562 1323 quas
1605 1284 1750 1310 coram
1793 1270 2044 1322 Justitiariis

319 1347 476 1387 nostris
506 1347 571 1386 vel
607 1346 815 1386 heredum
850 1352 1096 1385 nostrorum
1130 1345 1183 1384 ad
1220 1344 1376 1384 assisas
1409 1344 1450 1383 in
1488 1345 1711 1385 Comitatu
1743 1344 2044 1397 Notyngham'

319 1421 554 1473 capiendas
592 1419 823 1472 assignatis
867 1418 1087 1459 arrainiari
1130 1418 1381 1470 contigerit:
1433 1425 1475 1458 et
1517 1418 1633 1470 quod
1679 1418 1906 1471 Justitiarii
1951 1418 2043 1470 ipsi,

320 1508 417 1534 cum
451 1494 723 1546 cognitiones
756 1493 1015 1546 placitorum
1049 1492 1285 1532 earundem
1320 1492 1552 1531 assisarum
1586 1506 1642 1531 ex
1676 1499 1799 1544 parte
1828 1493 2043 1532 dictorum

321 1568 512 1621 Majoris,
539 1568 803 1607 Ballivorum
837 1573 879 1606 et
914 1565 1202 1618 Burgensium
1232 1565 1381 1605 debito
1414 1566 1547 1605 modo
1579 1566 1742 1618 petitae
1772 1565 1939 1614 fuerint,
1963 1565 2044 1605 hoc

319 1643 379 1682 eis
411 1642 503 1682 sine
535 1641 792 1682 difficultate
825 1640 1023 1689 allocent,
1056 1646 1098 1679 et
1130 1639 1276 1679 brevia
1306 1638 1533 1691 originalia
1562 1645 1605 1679 et
1635 1653 1872 1692 processus,
1906 1639 1939 1679 si
1972 1639 2044 1692 qui

320 1716 420 1756 inde
457 1716 593 1756 habiti
632 1715 799 1763 fuerint,
838 1713 1043 1767 praefatis
1087 1713 1245 1765 Majori
1283 1719 1325 1753 et
1369 1713 1556 1761 Ballivis,
1594 1719 1668 1753 aut
1706 1713 1798 1753 aliis
1837 1713 1890 1753 ad
1929 1713 2045 1754 dicta

320 1790 480 1843 placita
503 1790 704 1838 tenenda,
728 1795 774 1829 ut
798 1788 1100 1841 praemittitur,
1124 1787 1356 1839 deputatis,
1380 1786 1541 1826 faciant
1564 1786 1744 1826 liberari.

408 1864 466 1904 Et
507 1864 624 1917 quod
668 1862 877 1916 praedicti
921 1861 1075 1913 Major,
1115 1861 1267 1900 Ballivi
1310 1867 1353 1900 et
1396 1861 1651 1912 Burgenses,
1690 1874 1739 1900 ac
1782 1860 1962 1900 heredes
2004 1866 2046 1900 et

321 1951 591 1977 successores
620 1937 684 1976 sui
709 1937 1042 1989 imperpetuum,
1072 1935 1265 1974 habeant
1294 1934 1452 1974 catalla
1475 1933 1667 1973 felonum
1698 1941 1741 1974 et
1764 1933 2045 1986 fugitivorum

320 2011 375 2050 de
398 2011 647 2051 tenentibus
676 2017 719 2050 et
749 2009 1037 2049 residentibus
1062 2007 1171 2047 infra
1200 2008 1445 2048 libertatem
1477 2008 1757 2060 praedictam,
1782 2008 1841 2047 ita
1864 2008 1981 2060 quod
2012 2008 2045 2047 si

321 2085 416 2137 quis
446 2098 595 2124 eorum
626 2097 703 2136 pro
726 2083 886 2123 delicto
915 2096 993 2122 suo
1018 2082 1150 2122 vitam
1184 2082 1250 2121 vel
1285 2082 1529 2121 membrum
1553 2082 1712 2122 debeat
1745 2082 1955 2130 amittere,
1979 2081 2045 2121 vel

321 2159 478 2212 fugerit
504 2165 547 2198 et
570 2158 734 2210 judicio
756 2164 870 2197 stare
892 2156 1088 2204 noluerit,
1108 2155 1173 2195 vel
1198 2156 1313 2195 aliud
1337 2156 1646 2208 quodcumque
1668 2155 1876 2195 delictum
1900 2154 2047 2195 fecerit

321 2246 400 2286 pro
432 2245 520 2284 quo
552 2231 710 2271 catalla
747 2244 824 2270 sua
858 2230 1017 2270 debeat
1054 2230 1243 2282 perdere,
1277 2229 1542 2281 ubicumque
1575 2229 1744 2282 justitia
1777 2229 1831 2269 de
1867 2243 1919 2269 eo
1956 2228 2045 2269 fieri

322 2306 491 2353 debeat,
514 2305 603 2344 sive
626 2305 667 2344 in
693 2304 823 2345 Curia
846 2310 994 2343 nostra
1016 2303 1082 2343 vel
1105 2303 1313 2342 heredum
1338 2309 1597 2351 nostrorum,
1620 2303 1710 2342 sive
1733 2303 1773 2342 in
1799 2302 1882 2342 alia
1905 2303 2046 2351 Curia,

323 2380 416 2432 ipsa
439 2378 596 2418 catalla
619 2378 704 2417 sint
733 2378 1054 2430 praedictorum
1086 2377 1278 2429 Majoris,
1304 2377 1568 2416 Ballivorum
1600 2383 1642 2417 et
1673 2377 1973 2429 Burgensium,
1998 2390 2047 2417 ac

322 2453 531 2493 heredum
555 2458 597 2491 et
620 2464 916 2490 successorum
947 2464 1145 2500 suorum3
1178 2457 1221 2490 et
1243 2451 1360 2503 quod
1385 2450 1511 2490 liceat
1534 2451 1594 2490 eis
1620 2464 1695 2490 seu
1720 2452 1926 2491 ministris
1949 2451 2046 2500 suis,

323 2527 415 2566 sine
453 2526 769 2579 impedimento
806 2525 940 2564 nostri
978 2524 1044 2564 vel
1086 2524 1294 2564 heredum
1337 2531 1595 2573 nostrorum,
1629 2525 1934 2565 vicecomitum
1973 2531 2047 2565 aut

324 2601 507 2640 aliorum
560 2599 819 2639 ballivorum
876 2612 950 2638 seu
1009 2598 1304 2638 ministrorum
1358 2605 1605 2638 nostrorum
1658 2611 2046 2651 quorumcumque,

324 2688 485 2728 ponere
519 2688 565 2713 se
602 2674 643 2713 in
681 2674 885 2713 seisinam
924 2673 978 2712 de
1015 2673 1182 2713 catallis
1219 2673 1463 2726 praedictis,
1501 2680 1543 2713 et
1580 2686 1631 2713 ea
1668 2673 1722 2712 ad
1761 2686 1886 2713 usum
1925 2686 2047 2725 prae-

324 2749 539 2789 dictorum
584 2747 776 2800 Majoris,
812 2747 1077 2787 Ballivorum
1116 2754 1158 2788 et
1202 2748 1502 2800 Burgensium,
1543 2748 1753 2788 heredum
1796 2755 1838 2788 et
1880 2762 2047 2789 succes-

325 2836 470 2862 sorum
495 2835 682 2870 suorum,
706 2821 899 2861 retinere.

414 2896 471 2936 Et
494 2896 611 2948 quod
641 2895 833 2934 habeant
862 2895 1183 2947 imperpetuum
1213 2908 1365 2934 omnes
1389 2894 1495 2934 fines
1524 2908 1603 2947 pro
1632 2895 2047 2946 transgressionibus

283 2973 287 2977 “
325 2977 368 3010 et
391 2970 483 3009 aliis
506 2969 674 3009 delictis
697 2968 1054 3020 quibuscumque,
1078 2982 1127 3008 ac
1149 2969 1281 3008 etiam
1305 2968 1411 3008 fines
1441 2982 1519 3021 pro
1542 2968 1716 3007 licentia
1742 2968 2046 3017 concordandi,

326 3056 375 3082 ac
412 3043 560 3082 omnia
597 3042 945 3090 amerciamenta,
984 3042 1317 3094 redemptiones,
1351 3048 1394 3082 et
1436 3042 1581 3081 exitus
1618 3040 1891 3090 forisfactos,1
1927 3041 2046 3081 foris-

327 3116 525 3164 facturas,
559 3129 721 3155 annum
755 3116 869 3155 diem
900 3122 1072 3155 vastum
1110 3123 1153 3156 et
1185 3122 1443 3168 streppum,2
1475 3121 1517 3154 et
1548 3114 1706 3163 omnia,
1740 3127 1852 3166 quae
1883 3115 1937 3154 ad
1969 3128 2047 3155 nos

326 3197 369 3230 et
391 3190 570 3230 heredes
593 3196 764 3229 nostros
787 3189 1002 3241 pertinere
1024 3196 1229 3241 poterunt
1251 3190 1305 3228 de
1333 3187 1584 3240 hujusmodi
1615 3200 1730 3226 anno
1752 3188 1822 3227 die
1848 3194 1890 3228 et
1913 3194 2046 3235 vasto.

327 3271 369 3303 et
404 3262 620 3311 murdris,3
654 3263 707 3302 de
741 3262 944 3302 omnibus
981 3262 1230 3302 hominibus
1264 3269 1307 3302 et
1341 3262 1591 3302 tenentibus
1625 3261 1752 3301 villae
1786 3262 2046 3313 praedictae,

521 3355 530 3368 ¹
559 3351 621 3382 See
637 3351 804 3393 Glossary,
823 3361 883 3382 s.v.
908 3352 915 3366 ‘
928 3350 1070 3382 Exitus.'
1315 3354 1327 3367 ²
1351 3351 1413 3382 See
1431 3351 1598 3394 Glossary,
1618 3360 1678 3382 s.v.
1703 3351 1710 3365 ‘
1723 3349 1864 3382 Annus.‘
