2165 3835
288 398 341 437 24
550 396 769 428 RECORDS
801 396 862 428 OF
894 395 996 428 THE
1028 394 1264 428 BOROUGH
1297 394 1357 426 OF
1392 393 1739 425 NOTTINGHAM.
1875 383 2006 437 [1404

284 518 498 570 Johannis
532 518 586 558 de
625 518 854 570 Leycestr',
897 518 1016 566 clerk,
1059 518 1113 558 ad
1157 530 1266 569 opus
1303 515 1511 556 willelmi
1551 515 1670 554 Meet
1713 514 1909 554 Thomas
1943 515 2005 554 -de

288 592 468 640 Benton,
501 591 725 644 Johannes
760 592 978 640 Buxhum,
1010 591 1255 631 willelmus
1288 590 1342 629 de
1377 589 1594 641 Covyntr',
1630 587 1868 627 Nicholaus
1904 588 2005 627 Bar-

286 664 404 714 bour,
424 665 566 718 jurati.
1720 672 1835 712 1302,
1859 674 1914 701 ro.
1938 661 2005 701 ed.

375 901 657 943 IX.—Cla2·m
682 901 730 953 by
751 901 958 952 Attorney
978 901 1033 952 of
1044 900 1110 940 tlce
1132 900 1181 940 K
1182 900 1260 953 ing
1277 900 1331 951 of
1343 899 1451 939 Fine
1471 899 1551 939 due
1561 899 1643 948 for
1661 912 1717 938 an
1739 898 1930 938 Assault.

918 1001 1033 1041 1403,
1060 989 1304 1030 December
1332 1001 1388 1039 19.

371 1098 576 1150 Johanna
615 1097 772 1144 Potter,
810 1096 864 1135 de
903 1095 1187 1147 Notingham,
1221 1109 1296 1148 per
1333 1095 1560 1135 custodem
1598 1108 1724 1134 suum
1764 1094 2008 1135 Galfridum

288 1171 439 1220 Baker,
473 1171 666 1223 queritur
697 1170 751 1210 de
784 1169 986 1222 Johanne
1023 1169 1236 1221 Lorymer
1268 1169 1322 1208 de
1357 1168 1518 1221 placito
1551 1168 1927 1220 transgressionis:
1958 1181 2011 1208 eo

286 1246 403 1298 quod
434 1245 536 1297 ipse,
559 1244 627 1284 hic
658 1244 773 1296 apud
806 1242 1091 1295 Notingham,
1114 1242 1184 1282 die
1219 1242 1453 1282 Dominiea
1485 1242 1690 1295 proximo
1720 1248 1822 1282 ante
1851 1241 2009 1282 festum

287 1318 598 1371 Conceptionis
638 1318 799 1357 Beatae
837 1317 1005 1357 Mariae
1041 1316 1197 1356 ultimo
1231 1316 1543 1369 praeteritum,1
1583 1315 1791 1356 insultum
1830 1314 1930 1355 fecit
1969 1315 2010 1354 in

286 1394 448 1434 dictam
486 1392 748 1445 Johannam,
781 1396 824 1431 et
862 1390 1000 1443 ipsam
1037 1390 1198 1430 ibidem
1237 1389 1489 1439 verberavit,
1522 1389 1763 1429 vulneravit
1801 1395 1843 1429 et
1879 1388 2010 1428 male-

286 1466 499 1515 tractavit,
530 1472 572 1506 et
602 1465 686 1505 alia
715 1464 910 1505 enormia
939 1464 975 1504 ei
1010 1463 1175 1513 intulit;
1209 1464 1263 1503 ad
1297 1476 1428 1516 grave
1451 1463 1693 1516 dampnum
1724 1462 1858 1516 ipsius
1887 1475 2012 1515 quer-

287 1541 398 1581 entis
421 1550 496 1590 CS.;
529 1539 655 1587 unde,
679 1544 756 1579 ete.
820 1538 906 1591 Qui
941 1537 1069 1586 venit,
1102 1543 1144 1578 et
1177 1536 1383 1585 defendit,
1417 1543 1511 1583 etc.;
1544 1542 1587 1576 et
1619 1536 1734 1584 dicit,
1767 1535 1885 1589 quod
1919 1536 2013 1588 ipsa

286 1614 491 1667 Johanna
513 1619 578 1654 est
601 1619 643 1653 et
667 1611 745 1652 fuit
768 1611 957 1652 serviens
981 1610 1114 1664 ipsius
1143 1610 1357 1663 Johannis
1383 1610 1605 1662 Lorymer‚
1629 1616 1671 1650 et
1694 1609 1788 1662 ipsa
1809 1608 2014 1662 Johanna

287 1689 366 1729 sibi
400 1688 521 1728 dedit
553 1685 815 1727 contrariam
849 1684 1189 1737 responsionem,
1219 1690 1261 1724 et
1294 1683 1392 1723 ideo
1422 1683 1512 1735 ipse
1545 1682 1769 1736 Johannes
1802 1683 2015 1736 Lorymer

291 1763 406 1816 cepit
428 1761 649 1815 quendam
673 1759 903 1807 elenwana',
927 1765 970 1799 et
994 1758 1132 1811 ipsam
1157 1757 1368 1810 percussit
1397 1770 1526 1809 super
1548 1757 1689 1810 capud
1714 1763 1755 1797 et
1779 1757 1949 1810 ubique,
1968 1763 2015 1797 ut

285 1837 451 1890 justum
495 1841 569 1875 est.
646 1835 704 1874 Et
746 1833 970 1886 praedicta
1010 1831 1224 1885 Johanna,
1268 1845 1343 1883 per
1385 1831 1525 1871 dictos
1568 1829 1813 1872 Galfridum
1857 1837 1900 1871 et
1940 1831 2013 1883 Jo-

288 1911 478 1951 hannem
518 1907 768 1961 Braydsale‚
806 1912 1050 1947 attornatos
1088 1919 1199 1954 suos,
1238 1905 1346 1958 petit
1385 1904 1597 1957 judicium
1635 1905 1690 1944 de
1733 1904 2014 1957 responsione

289 1998 386 2035 sua;
418 1991 461 2024 et
491 1983 582 2036 ipse
610 1982 835 2035 Johannes
865 1980 1069 2020 similiter.
1136 1980 1193 2019 Et
1227 1979 1286 2018 sic
1317 1985 1617 2031 respectuatur
1641 1978 1853 2031 judicium
1878 1991 2014 2031 usque

290 2058 538 2111 proximam
564 2056 740 2099 Curiam
764 2056 817 2095 de
840 2055 957 2095 dicta
980 2053 1323 2106 transgressione
1347 2066 1483 2105 usque
1506 2053 1743 2093 adventum
1768 2052 1949 2104 Majoris
1972 2058 2015 2092 et

293 2131 611 2172 Recordatoris.
1760 2137 1874 2177 1301,
1899 2140 1953 2166 ro.
1978 2127 2013 2166 6.

922 2269 1086 2310 1403-4,
1108 2259 1304 2311 January
1334 2259 1390 2297 16.

377 2336 597 2390 Judicium
634 2339 931 2386 respectuatur
965 2333 1018 2372 de
1056 2332 1285 2372 taxatione
1322 2345 1451 2384 super
1487 2331 1736 2383 cognitione
1775 2331 1815 2370 in
1855 2331 2016 2384 placito

291 2408 646 2463 transgressionis
670 2408 780 2448 inter
801 2406 1051 2460 Johannam
1077 2406 1235 2455 Potter,
1258 2411 1523 2458 querentem,
1543 2411 1585 2445 et
1606 2405 1854 2457 Johannem
1880 2406 2016 2458 Lory-

293 2498 394 2533 mer,
417 2482 738 2530 defendentem,
762 2487 809 2521 ut
839 2487 960 2533 patet
990 2480 1032 2519 in
1056 2479 1120 2532 ij
1142 2479 1293 2520 rotulo.
1360 2479 1417 2519 Et
1447 2480 1501 2519 ad
1532 2479 1660 2520 istam
1690 2479 1864 2522 Curiam
1895 2493 2016 2532 prae-

292 2559 410 2599 dicta
431 2556 645 2610 Johanna,
669 2567 864 2607 querens,
888 2566 975 2593 non
1006 2559 1071 2593 est
1094 2559 1333 2606 prosecuta.
1400 2553 1507 2593 Ideo
1537 2553 1631 2606 ipsa
1659 2560 1702 2594 et
1731 2553 1861 2607 plegii
1884 2554 1949 2594 sui
1973 2554 2014 2594 in

295 2630 621 2672 misericordia.2

382 2705 440 2745 Et
460 2703 684 2756 Johannes
707 2701 762 2741 de
786 2699 1035 2753 Braydsale,
1054 2706 1301 2740 attornatus
1326 2700 1506 2740 Domini
1534 2700 1676 2753 Regis,
1695 2700 1823 2750 venit,
1842 2707 1884 2741 et
1906 2701 2017 2754 petit

295 2780 436 2832 ipsum
479 2777 728 2830 Johannem
774 2775 987 2827 Lorymer
1027 2773 1277 2813 satisfacere
1320 2773 1515 2813 Domino
1559 2773 1668 2826 Regi
1711 2774 1765 2814 de
1807 2773 2018 2814 effusione

295 2851 518 2904 sanguinis
550 2848 724 2890 tractati
754 2861 882 2900 super
904 2847 1066 2887 dictam
1096 2846 1346 2899 Johannam
1382 2847 1422 2886 in
1455 2847 1600 2899 Burgo
1632 2847 1863 2887 Francisco
1891 2847 2018 2887 villae

296 2924 593 2977 Notingham',
631 2936 710 2975 pro
747 2935 798 2961 eo
835 2921 952 2973 quod
991 2921 1083 2973 ipse
1117 2920 1343 2973 Johannes
1383 2920 1596 2972 Lorymer
1636 2920 1678 2960 in
1721 2920 1851 2973 plena
1888 2920 2019 2962 Curia

295 2998 502 3052 cognovit
543 2996 801 3037 effusionem
844 2993 1077 3046 sanguinis.
1143 2993 1201 3033 Et
1243 3007 1389 3033 coram
1434 2993 1604 3046 Majore
1641 3000 1683 3034 et
1723 2994 2018 3034 Recordatore

297 3072 596 3126 adjudicatum
634 3075 699 3109 est
735 3081 813 3121 pro
852 3066 1046 3107 Domino
1082 3065 1235 3119 Rege‚3
1267 3066 1409 3119 ipsum
1442 3066 1690 3119 Johannem
1728 3067 1770 3107 in
1808 3066 2018 3108 effusione

297 3145 519 3199 sanguinis
543 3141 906 3194 condempn[ari],
931 3154 1016 3180 non
1041 3139 1245 3180 obstante
1268 3140 1412 3192 aliqua
1435 3140 1757 3193 prae-allegata.

1731 3225 1846 3265 1301,
1871 3228 1924 3254 ro.
1952 3214 2015 3254 Sd,

472 3336 478 3348 ¹
506 3331 651 3370 Sunday,
672 3329 857 3360 December
875 3336 903 3365 2,
928 3335 1017 3366 1403.
1202 3330 1213 3342 -’
1239 3328 1299 3357 See
1318 3327 1484 3366 Glossary,
1504 3337 1563 3358 sm.
1589 3327 1852 3359 ‘Misericordia'
