2165 3835
343 403 426 453 346
609 413 829 445 RECORDs
861 413 922 445 oF
955 414 1055 445 THE
1088 414 1323 446 BOROUGH
1357 415 1417 446 OF
1452 413 1798 445 NOTTINGHAM.
1934 404 2064 456 [1484

342 534 543 575 Publicus
578 537 837 577 auctoritate
871 536 1132 590 Apostolica
1170 537 1388 586 Notarius,
1423 550 1498 589 per
1532 535 1775 589 praefatum
1816 535 2063 576 Reverend-

339 608 535 649 issimum
578 616 747 662 patrem
790 611 832 650 in
875 611 1124 663 praemissis
1165 612 1306 651 scriba
1346 610 1591 664 specialiter
1631 615 1893 662 assumptus,
1935 623 2065 662 supra

338 682 552 723 dictarum
576 684 892 725 evidentiarum
916 685 1190 737 productioni
1214 692 1257 725 et
1279 685 1620 737 praesentationi
1647 697 1883 736 earumque
1912 696 2063 723 exam-

338 756 519 797 inationi
543 763 586 798 et
608 759 903 811 publicationi,
927 759 1218 812 omnibusque
1241 765 1282 799 et
1306 759 1486 812 singulis
1516 759 1621 799 dum
1651 759 1721 808 sic,
1745 764 1792 798 ut
1814 756 2063 810 praefertur,

338 843 414 882 per
447 832 764 884 saepe-dictum
802 833 1231 873 Reverendissimum
1269 839 1438 885 patrem
1477 839 1520 873 et
1556 845 1702 873 coram
1737 845 1800 881 eo,
1834 831 1914 872 sub
1948 844 2064 872 anno

340 904 530 955 Domini,
551 906 807 956 Indictione,
825 906 1094 960 pontificatu,
1113 920 1273 956 mense,
1291 907 1361 947 die
1378 913 1421 947 et
1443 906 1539 947 loco
1561 907 1804 959 praedictis,
1822 905 2065 959 agebantur

338 985 381 1019 et
423 978 596 1029 fiebant,
638 994 725 1021 una
766 995 864 1021 cum
908 981 1250 1034 praenominatis
1292 981 1486 1030 testibus,
1529 994 1733 1033 praesens
1780 979 2065 1033 personaliter

338 1053 522 1103 interfui,
564 1068 702 1108 eaque
743 1056 891 1095 omnia
933 1062 975 1096 et
1017 1055 1188 1108 singula
1229 1055 1288 1095 sic
1332 1053 1421 1094 fieri
1458 1054 1545 1095 vidi
1588 1061 1630 1094 et
1668 1054 1824 1103 audivi,
1862 1054 2064 1106 ipsasque

337 1128 577 1169 evidentias
609 1130 664 1169 de
696 1130 907 1170 mandato
943 1129 1047 1170 dicti
1088 1129 1455 1169 Reverendissirni
1488 1129 1622 1182 patris
1655 1128 1954 1181 transsumpsi,
1986 1141 2063 1167 ex-

338 1202 526 1255 emplavi
556 1209 598 1243 et
628 1203 669 1242 in
700 1203 811 1243 hanc
841 1203 1062 1256 publicam
1086 1203 1271 1243 sormam
1295 1203 1462 1256 redegi,
1495 1209 1538 1243 et
1559 1202 1671 1255 quia,
1696 1201 1811 1242 facta
1831 1201 2064 1242 collatione

338 1283 380 1317 et
422 1277 751 1318 examinatione
792 1278 990 1331 diligenti
1032 1291 1131 1318 cum
1178 1276 1384 1330 praefatis
1426 1276 1654 1317 evidentiis
1695 1275 1978 1329 originalibus
2020 1282 2064 1316 et

338 1351 554 1391 contentis
578 1351 619 1391 in
644 1352 819 1401 eisdem,
839 1352 1042 1405 ipsasque
1064 1352 1106 1392 in
1130 1352 1334 1392 omnibus
1356 1351 1621 1391 concordare
1644 1351 1800 1401 inveni,
1819 1350 1877 1390 nil
1901 1350 2063 1399 addito,

337 1425 561 1466 subtracto
602 1425 668 1466 vel
707 1432 888 1476 mutato,
931 1427 1049 1479 quod
1087 1426 1188 1466 facti
1231 1425 1523 1466 substantiam
1566 1425 1770 1465 immutet
1812 1430 1886 1464 aut
1929 1424 2064 1464 variet

341 1499 621 1550 intellectum,
645 1500 750 1540 illud
785 1501 910 1553 signo
944 1507 987 1541 et
1017 1501 1194 1540 nomine
1225 1501 1331 1540 meis
1360 1499 1497 1540 solitis
1527 1505 1570 1539 et
1598 1498 1827 1548 consuetis,
1850 1511 1936 1538 una
1965 1511 2063 1538 cum

337 1575 606 1626 appensione
644 1575 771 1627 sigilli
810 1574 991 1628 praefati
1033 1574 1401 1615 Reverendissimi
1438 1574 1573 1627 patris
1607 1573 1786 1626 signavi,
1810 1578 1987 1626 rogatus
2021 1579 2064 1612 et

337 1649 579 1702 requisitus,
604 1650 645 1689 in
671 1648 801 1689 fidem
825 1656 868 1690 et
891 1650 1191 1690 testimonium
1216 1649 1411 1689 omnium
1437 1648 1784 1701 praemissorum.
1937 1655 2059 1697 4522.

730 1913 1289 1954 CXLV.—Plvscnlmclcls
1310 1919 1357 1952 al
1378 1912 1444 1952 [lae
1467 1912 1667 1953 Sessz‘ons.

1143 2005 1256 2054 1484.

422 2094 646 2146 Juratores
679 2108 735 2133 ex
769 2100 893 2146 parte
926 2094 1185 2134 occidentali
1218 2094 1380 2142 dicunt,
1413 2107 1542 2146 super
1573 2098 1895 2133 sacramentum
1925 2106 2062 2142 suum,

337 2169 454 2221 quod
479 2168 692 2221 Georgius
718 2168 884 2217 Hoton‚
908 2169 963 2208 de
989 2168 1276 2221 Notingham,
1300 2168 1342 2208 in
1367 2168 1591 2210 Comitatu
1615 2167 1742 2207 villae
1765 2167 2063 2220 Notingham',

337 2242 498 2291 homer,
536 2243 748 2283 Rieardus
789 2243 1105 2295 Hardestrong,
1140 2243 1195 2283 de
1232 2243 1395 2283 eisdem
1430 2242 1531 2283 villa
1565 2248 1607 2283 et
1646 2242 1880 2290 Comitatu,
1914 2241 2062 2290 litster,

337 2316 533 2356 Thomas
559 2317 739 2365 Hakett,
763 2317 818 2356 de
840 2317 1003 2356 eisdem
1023 2317 1124 2356 villa
1146 2323 1188 2357 et
1212 2317 1447 2365 Comitatu,
1471 2330 1626 2364 masma,
1650 2316 1846 2356 Thomas
1871 2315 1985 2364 Duk,
2009 2316 2063 2356 de

336 2391 500 2431 eisdem
524 2391 625 2432 villa
654 2398 696 2432 et
728 2392 963 2440 Comitatu,
993 2391 1141 2440 litstcr,
1169 2391 1394 2443 Johannes
1426 2391 1596 2440 Bolton,
1619 2391 1674 2431 de
1703 2391 1866 2430 eisdem
1890 2389 1992 2430 villa
2021 2396 2064 2430 et

338 2465 573 2514 Comitatu,
612 2465 768 2518 junior,
805 2464 1036 2514 slcomaker,
1078 2465 1303 2517 Johannes
1347 2465 1545 2518 Bylham,
1582 2465 1637 2505 de
1677 2465 1841 2505 eisdem
1878 2464 1980 2504 villa
2020 2471 2063 2504 et

337 2539 572 2588 Comitatu,
597 2547 723 2592 repar,
746 2539 950 2592 Johanna
975 2539 1133 2588 Porret,
1157 2540 1211 2580 de
1234 2540 1397 2579 eisdem
1421 2539 1523 2579 villa
1545 2544 1587 2579 et
1612 2539 1847 2587 Comitatu,
1870 2537 2062 2591 lmswjgffi

339 2613 556 2654 Henrieus
579 2613 749 2665 Meryll,
767 2614 822 2654 de
839 2613 1003 2653 eisdem
1022 2613 1123 2653 villa
1141 2619 1183 2653 et
1202 2613 1437 2661 Comitatu,
1455 2619 1620 2665 cowpm‘,
1646 2612 1807 2652 Emma
1824 2611 2062 2664 Annesley,

336 2688 390 2727 de
413 2688 576 2728 eisdem
595 2687 697 2728 villa
719 2693 762 2728 et
786 2688 1022 2736 Comitatu,
1045 2687 1240 2740 lcttsttyff
1264 2686 1484 2740 Margeria
1507 2686 1679 2739 Smyth,
1702 2687 1756 2726 de
1778 2686 1942 2726 eisdem
1961 2685 2063 2726 villa

336 2767 378 2801 et
409 2761 645 2810 Comitatu,
670 2761 862 2813 ztydowa
896 2761 1109 2802 Katerina
1141 2761 1349 2814 Stringer‚
1372 2762 1426 2801 cle
1449 2761 1612 2801 eisdem
1636 2760 1737 2800 villa
1759 2765 1801 2800 et'
1825 2760 2060 2809 Comitatu,

335 2834 528 2888 lauswyffi
564 2835 788 2888 Johannes
827 2835 1048 2884 Mai-shall,
1084 2836 1138 2875 de
1172 2836 1336 2875 eisdem
1369 2835 1471 2875 villa
1504 2841 1546 2875 et
1582 2835 1816 2884 Comitatu,
1850 2834 2060 2884 slaerman,

335 2909 539 2961 Johanna
577 2909 773 2957 Sadiller,
809 2909 863 2949 de
897 2909 1061 2949 eisdem
1095 2909 1197 2949 villa
1233 2916 1275 2950 et
1311 2910 1546 2958 Comitatu,
1580 2908 1774 2962 lzusttyff,
1812 2909 2063 2961 Margareta

339 2982 527 3032 Hewett‚
550 2983 604 3023 de
634 2983 797 3023 eisdem
822 2983 923 3023 villa
953 2990 996 3024 et
1028 2983 1263 3032 Comitatu,
1292 2983 1486 3036 lluszcyff
1516 2983 1756 3023 Nicholaus
1778 2982 1976 3035 Wylson,
2007 2983 2062 3023 de

336 3056 499 3096 eisdem
523 3056 624 3096 villa
647 3063 689 3097 et
714 3057 948 3106 Comitatu,
972 3057 1142 3107 laberer,
1172 3058 1397 3109 Johannes
1429 3057 1607 3110 Isfeyth,
1631 3058 1685 3097 de
1708 3057 1872 3097 eisdem
1894 3057 1995 3096 villa
2017 3063 2060 3097 et

339 3130 574 3179 Comitatu,
607 3131 779 3179 laborer,
812 3131 1017 3183 Johanna
1053 3132 1300 3180 Sandiacre,
1333 3131 1387 3170 de
1419 3131 1582 3171 eisdem
1617 3130 1716 3170 villa
1748 3137 1790 3170 et
1826 3130 2060 3179 Comitatu,

335 3203 521 3257 ltuswzff
539 3210 580 3244 et
605 3204 896 3246 Christoferus
919 3205 1151 3257 Tynkeler,
1169 3206 1224 3245 de
1246 3205 1409 3245 eisdem
1428 3205 1529 3245 villa
1547 3211 1589 3245 et
1612 3204 1848 3253 Comitatu,
1866 3203 2060 3256 Z‘Jmkclaer,

337 3279 477 3330 primo
518 3279 588 3318 die
631 3278 913 3331 Septembris,
951 3292 1066 3319 anno
1108 3280 1227 3332 regni
1272 3279 1404 3332 Regis
1449 3279 1623 3319 Ricardi
1666 3279 1801 3318 Tertii
1838 3279 2059 3327 secundo,1

889 3371 896 3384 ¹
924 3368 1144 3409 &Vednesdaffl
1168 3369 1360 3409 September
1381 3377 1407 3405 1,
1432 3368 1521 3406 1484.
