2165 3835
329 399 409 448 326
592 405 810 437 RECORDS
843 405 902 436 OF
935 405 1035 435 THE
1068 404 1303 437 ssORoUGH
1336 404 1396 436 or
1431 403 1776 434 NOTTINGHAM.
1912 393 2039 446 [1482

330 529 423 569 aliis
458 529 611 569 diebus
648 535 690 569 et
726 528 901 577 vicibus,
937 528 1005 568 hic
1048 528 1163 581 apud
1203 526 1487 579 Notingham,
1526 525 1777 566 custodiunt
1813 532 1855 565 et
1897 538 2044 565 eorum

328 603 509 656 quilibet
541 602 731 643 custodit
754 603 913 643 bordell
939 609 981 643 et
1013 602 1320 643 enormitatem
1354 601 1395 640 in
1421 599 1624 640 domibus
1656 599 1743 639 suis
1773 600 1815 639 in
1846 599 2046 640 noctibus

326 682 369 717 et
405 676 568 725 diebus,
605 677 647 716 in
686 677 1058 729 perturbationem
1097 675 1245 729 populi
1283 675 1386 715 dicti
1427 674 1606 714 Domini
1647 674 1780 726 Regis
1817 680 1859 714 et
1896 679 2048 714 contra

325 764 478 804 pacem
501 764 636 800 suam,
660 758 736 792 etc.

413 825 470 866 Et
493 825 653 874 dicunt,
677 838 806 878 super
834 830 1156 865 sacramentum
1187 835 1324 869 suum,
1349 822 1466 874 quod
1500 820 1716 861 Henricus
1744 820 2046 874 Chaumpeyn,

323 899 378 939 de
416 899 701 951 Notingham,
737 899 777 938 in
817 899 1041 940 Comitatu
1079 897 1206 937 villae
1245 895 1543 948 Notingham',
1581 894 1813 944 slcomaker,
1851 895 2047 935 Thomas

325 974 510 1023 Bankes,
553 975 607 1014 de
652 974 814 1014 eisdem
861 973 963 1013 villa
1008 979 1050 1013 et
1094 971 1329 1019 Comitatu,
1373 969 1533 1014 barker.
1579 969 1796 1009 Robertus
1839 969 1950 1018 Tull,
1993 970 2048 1009 de

325 1051 487 1090 eisdem
526 1049 627 1089 villa
664 1056 705 1089 et
741 1049 976 1097 Comitatu,
1007 1047 1142 1093 bach¹
1173 1053 1215 1087 et
1252 1046 1465 1086 Ricardus
1501 1046 1763 1092 Moncaster,
1794 1045 1848 1085 de
1882 1045 2045 1086 eisdem

324 1124 425 1164 villa
448 1131 490 1164 et
514 1124 748 1171 Comitatu,
765 1123 923 1176 glovezss
947 1122 1117 1162 decimo
1141 1122 1210 1161 die
1239 1121 1368 1173 Junii,
1392 1134 1507 1160 anno
1531 1120 1652 1172 regni
1684 1120 1816 1172 Regis
1842 1119 2047 1160 Edwardi

326 1198 480 1251 Quarti
504 1198 710 1237 vicesimo
739 1198 960 1243 secundo,1
985 1210 1033 1236 ac
1057 1196 1235 1235 diversis
1259 1195 1352 1234 aliis
1375 1194 1528 1234 diebus
1558 1201 1599 1233 et
1622 1193 1818 1241 vicibus,2
1840 1193 1907 1233 hic
1931 1195 2047 1246 apud

325 1272 598 1325 Notingham
632 1272 912 1324 praedictam,
946 1284 1022 1323 per
1053 1269 1244 1310 cautelas
1278 1268 1440 1308 faciunt
1474 1268 1601 1308 vadia
1633 1281 1711 1320 pro
1743 1266 2049 1320 sagittatione3

325 1352 451 1386 extra
485 1346 669 1398 shopam
706 1346 809 1385 dicti
848 1345 1027 1384 Henrici
1065 1344 1354 1396 Chaumpeyn
1389 1342 1500 1382 ultra
1535 1355 1693 1394 aquam
1729 1343 1783 1382 de
1819 1342 1975 1391 Leone,
2005 1349 2048 1382 et

324 1428 505 1460 causant
539 1420 684 1473 legeos
719 1420 898 1459 Domini
936 1419 1069 1471 Regis
1104 1431 1179 1470 per
1214 1418 1374 1457 ibidem
1411 1424 1686 1457 transeuntes
1720 1417 1774 1456 ad
1807 1416 2048 1456 vadiandas

324 1494 529 1546 pecunias
564 1507 672 1538 suas,
697 1500 750 1541 et,
774 1493 951 1545 quando
981 1492 1111 1531 iidem
1147 1492 1255 1543 legei
1292 1498 1393 1531 sunt
1426 1491 1657 1543 praeteriti,
1680 1491 1783 1530 dicti
1820 1490 2047 1538 Henricus,

325 1568 531 1616 Thomas,
572 1568 790 1608 Robertus
828 1574 869 1607 et
910 1567 1124 1606 Ricardus
1162 1573 1365 1618 separant
1404 1566 1610 1618 pecunias
1652 1566 1711 1605 sic
1749 1565 1935 1604 lucratas
1973 1578 2049 1617 per

325 1641 555 1694 cautela[s]
589 1642 699 1682 inter
736 1642 864 1694 ipsos,
899 1641 940 1680 in
981 1653 1190 1692 magnum
1224 1639 1538 1693 praejudicium
1573 1640 1788 1680 dictorum
1826 1639 2046 1692 legeorum

326 1716 504 1756 Domini
531 1716 663 1769 Regis
686 1723 727 1756 et
752 1722 903 1756 contra
925 1728 1078 1767 pacem
1102 1728 1236 1763 suam,
1261 1713 1359 1754 etc<⁴
1832 1723 1852 1763 3
1873 1726 1906 1761 a,
1931 1727 1987 1754 ro.
2011 1714 2046 1752 6.

345 1955 815 1997 CXXXVI.—Act2'022
840 1954 888 2005 by
911 1954 975 1993 me
997 1953 1256 2006 ar-Shcmjffs
1278 1960 1316 1992 so
1335 1966 1497 1992 J‘ecavcr
1516 1967 1541 1991 a
1564 1952 1606 1991 F
1606 1952 1671 1991 ine
1682 1952 1763 2002 for
1781 1965 1837 1990 cm
1859 1950 2018 2004 Affmy

856 2028 1082 2079 presented
1100 2028 1147 2079 hy
1170 2027 1235 2066 flac:
1261 2027 1507 2068 szstablcs.

992 2130 1107 2176 1482,
1131 2126 1307 2178 August
1333 2137 1393 2165 21,

409 2233 633 2284 Johannes
658 2232 764 2273 Cost
787 2238 828 2271 et
850 2232 1074 2283 Johannes
1094 2233 1220 2280 wod,
1240 2246 1376 2285 nuper
1394 2233 1687 2273 Vicecomites
1710 2233 1836 2272 villae
1860 2233 2047 2286 Noting-

324 2307 449 2353 ham’,
486 2312 724 2358 queruntur
761 2306 815 2345 de
854 2305 1057 2357 Johanne
1096 2306 1304 2346 Marshall
1343 2308 1397 2347 de
1434 2307 1596 2359 placito
1632 2308 1748 2360 quod
1793 2308 1946 2348 reddat
1987 2308 2047 2347 eis

325 2381 401 2433 iijs.
426 2380 508 2433 ijd.,
533 2393 641 2433 quos
673 2380 732 2418 eis
756 2379 885 2419 debet
919 2387 960 2419 et
994 2380 1152 2432 injuste
1183 2381 1358 2422 detinet.
1425 2381 1482 2422 Et
1514 2382 1630 2422 unde
1660 2381 1789 2422 iidem
1817 2388 2047 2434 querentes

325 2455 367 2494 in
414 2454 596 2507 propriis
639 2453 834 2505 personis
876 2454 963 2493 suis
1006 2461 1254 2506 queruntur,
1298 2456 1414 2508 quod
1465 2469 1563 2496 cum
1606 2456 1747 2496 dictus
1795 2455 2046 2503 defendens,

326 2528 413 2580 xiij.
458 2528 527 2568 die
569 2527 771 2579 Augusti,
815 2540 931 2566 anno
973 2530 1093 2580 regni
1138 2529 1271 2581 Regis
1316 2530 1520 2570 Edwardi
1563 2530 1718 2584 Quarti
1761 2527 1886 2582 xxj.,⁵
1928 2529 2045 2582 apud

326 2602 611 2653 Notingham,
634 2608 724 2649 etc,
749 2600 849 2641 fecit
872 2600 1070 2641 affraium
1102 2616 1200 2642 cum
1227 2605 1439 2656 sanguine
1469 2605 1510 2643 in
1540 2604 1686 2657 Burgo
1708 2603 1899 2656 Anglico
1920 2603 2048 2643 villae

325 2676 583 2728 praedictae,
611 2676 727 2727 quod
762 2682 1087 2727 praesentatum
1122 2675 1201 2717 fuit
1233 2690 1308 2729 per
1341 2678 1699 2719 Constabularios
1732 2677 1879 2734 in'illa
1910 2683 2044 2730 parte,

324 2757 418 2797 etc.;
451 2749 670 2802 praefatus
703 2756 848 2789 tamen
880 2749 1103 2801 Johannes
1135 2751 1354 2800 Mershall,
1384 2752 1483 2793 licet
1511 2753 1694 2804 saepius,
1724 2759 1814 2801 etc,
1837 2752 2045 2799 nondum,

325 2822 444 2864 etc.:6
486 2823 601 2862 unde
639 2823 800 2871 dicunt,
835 2824 951 2874 quod
991 2824 1239 2865 deteriorati
1277 2833 1378 2866 sunt
1420 2833 1462 2866 et
1503 2827 1745 2879 dampnum
1789 2826 1951 2866 habent
1989 2825 2044 2865 ad

326 2897 559 2937 valentiam
589 2896 690 2949 vjcl.;
723 2903 765 2937 et
796 2897 896 2937 inde
926 2899 1173 2949 producunt
1203 2907 1377 2940 sectam.
1443 2901 1500 2941 Et
1530 2901 1776 2953 praedictus
1805 2899 2045 2941 defendens

325 2972 367 3010 in
402 2971 576 3024 propria
609 2983 794 3022 persona
828 2984 906 3010 sua
939 2972 1067 3019 venit,
1095 2979 1137 3012 et
1173 2973 1368 3014 defendit
1402 2975 1489 3014 vim
1525 2981 1567 3014 et
1601 2974 1822 3026 injuriam3
1855 2981 1897 3014 et
1931 2973 2046 3022 dicit,

325 3045 442 3097 quod
465 3044 570 3084 nihil
593 3044 724 3084 debet
746 3043 951 3096 praefatis
974 3047 1255 3097 querentibus
1277 3049 1332 3088 de
1354 3049 1597 3101 praedictis,
1620 3055 1696 3089 etc.
1777 3058 1893 3100 1370,
1917 3061 1954 3100 p.
1977 3048 2042 3088 60.

394 3253 401 3265 ¹
428 3249 585 3289 Monday,
602 3248 687 3288 June
709 3256 756 3285 10,
780 3248 869 3285 1482.
1317 3254 1330 3272 ⁴
1356 3252 1395 3283 In
1426 3252 1574 3283 addition
1609 3257 1643 3283 to
1677 3252 1732 3283 the
1764 3253 1868 3283 above
1902 3254 2044 3292 present·

392 3308 404 3320 ²
428 3303 578 3341 πίε-ἅψῃ]
599 3302 770 3340 ‘vicebusj
788 3303 860 3333 MS.
1256 3311 1373 3342 meum,
1408 3306 1498 3336 there
1535 3316 1589 3336 are
1627 3311 1692 3336 two
1730 3309 1968 3345 presentrnents
1997 3304 2046 3335 sor

393 3361 404 3379 3
426 3356 659 3397 sagittationefl
682 3356 689 3370 ‘
702 3356 922 3396 satigatione,'
942 3356 1014 3387 MS.
1256 3358 1405 3399 scolding
1421 3359 1484 3390 and
1503 3365 1568 3390 two
1584 3359 1633 3390 for
1649 3360 1811 3401 burglary.
