2165 3835
286 405 366 443 288
549 411 768 443 RECORDS
801 410 862 442 OF
893 411 994 441 THE
1027 410 1262 442 BOROUGH
1295 410 1356 442 OF
1390 410 1738 442 NOTTINGHAM.
1873 401 2001 455 [1473

287 536 355 575 De
375 535 577 589 Johanne
602 535 730 587 Dyve
752 548 830 587 pro
853 533 1065 574 consimili
1090 533 1250 574 ibidem
1286 567 1291 572 .
1678 533 1826 573 xxixs.
1851 533 1921 586 ijd.
1941 533 2006 574 ob.

287 609 355 649 De
390 609 579 649 Ricardo
611 608 778 662 Jakson
812 614 854 649 et
889 609 1141 661 Margareta
1175 621 1313 648 uxore
1347 607 1439 660 ejus
1471 621 1549 660 pro

456 682 669 723 consimili
693 682 854 723 ibidem
906 716 912 721 .

286 757 354 797 De
384 756 586 810 Johanne
623 756 750 796 Hunt
785 762 827 796 et
861 755 1005 796 Alicia
1039 769 1176 796 uxore
1209 755 1300 809 ejus
1335 769 1414 808 pro
1448 769 1548 795 con-

456 830 583 871 simili
607 831 768 871 ibidem

286 905 353 944 De
379 905 574 946 Roberto
598 905 770 957 Smyth,
792 904 1008 957 dalfinum,
1031 918 1109 957 pro
1140 904 1354 944 consimili
1385 905 1546 945 ibidem

285 979 353 1019 De
374 979 576 1032 Johanne
600 978 833 1032 Mapurley
855 992 932 1031 pro
955 978 1167 1018 consimili
1193 979 1353 1019 ibidem
1412 1013 1418 1018 .

286 1054 354 1093 De
374 1053 577 1106 Johanne
601 1053 730 1096 Clerk
753 1066 831 1106 pro
854 1052 1067 1092 consimili
1091 1052 1253 1093 ibidem
1283 1087 1288 1092 .
1802 1051 1897 1105 xijs.
1922 1052 2005 1105 vjd.

285 1127 352 1167 De
375 1128 550 1168 Thoma
574 1128 737 1168 Lovott
760 1140 838 1180 pro
860 1126 1073 1166 consimili
1097 1126 1259 1167 ibidem
1283 1161 1288 1166 .
1832 1139 1924 1166 xvs.
1947 1125 2005 1178 jd.

285 1201 353 1241 De
377 1201 616 1243 Cristoforo
641 1200 905 1253 Purceglove
927 1214 1006 1253 pro
1028 1201 1241 1241 consimili
1265 1201 1426 1242 ibidem
1819 1200 1879 1253 ijs.
1905 1200 2005 1253 iiijd.

285 1276 352 1315 De
385 1274 683 1315 feoffatoribus
721 1274 895 1314 Ricardi
929 1274 1188 1328 Willughby
1221 1289 1298 1328 pro
1332 1275 1545 1316 consimili

455 1349 616 1390 ibidem
650 1383 655 1388 .
1814 1347 1925 1402 xiijs.
1947 1348 2004 1401 jd.

284 1423 352 1463 De
377 1424 565 1464 Ricardo
591 1422 750 1463 Parker
772 1435 850 1475 pro
872 1422 1085 1462 consimili
1110 1422 1270 1463 ibidem
1833 1423 1909 1476 iijs.
1935 1423 2004 1475 ijd.

284 1498 352 1537 De
373 1498 575 1550 Johannc
598 1498 740 1537 Wode
763 1510 840 1550 pro
863 1496 1076 1537 consimili
1101 1497 1262 1537 ibidem
1843 1497 1913 1550 ijd.
1938 1497 2004 1537 ob.

284 1572 351 1611 Dc
372 1572 574 1624 Johannc
601 1572 754 1623 Herdy
778 1584 855 1623 pro
878 1571 1091 1610 consimili
1117 1571 1277 1612 ibidem
1943 1571 2003 1623 ijs.

284 1647 351 1686 Dc
377 1646 569 1685 Heni-ico
593 1646 757 1697 XVhyte
781 1659 857 1698 pro
881 1645 1093 1685 consimili
1118 1646 1279 1686 ibidem
1817 1645 1877 1697 ijs.
1903 1645 2003 1697 iiijd.

284 1721 350 1760 De
376 1722 570 1761 Roberto
596 1719 821 1773 Inglesshe
845 1733 922 1772 pro
945 1720 1157 1759 consimili
1182 1720 1342 1759 ibidem
1410 1754 1415 1759 .
1784 1718 1913 1772 xxijs.
1938 1719 2003 1759 ob.

283 1795 351 1834 De
377 1795 550 1847 Rogero
577 1794 764 1834 Hudson
789 1807 866 1846 pro
889 1793 1101 1833 consimili
1127 1794 1287 1833 ibidem
1801 1793 1890 1846 vijs.
1917 1793 2003 1847 iijd.

283 1869 351 1909 De
373 1869 548 1909 Thoma
572 1869 736 1910 Samon
762 1881 839 1920 pro
862 1867 1075 1907 consimili
1099 1868 1259 1907 ibidem
1286 1902 1291 1907 .
1927 1868 2001 1920 vjs.

284 1944 350 1983 De
391 1943 593 1996 Johanne
634 1943 849 1991 W’atnow,
883 1943 936 1982 de
976 1943 1174 1990 London,
1210 1956 1288 1995 pro
1330 1942 1541 1982 consimili

454 2018 614 2057 ibidem
648 2051 653 2056 .
1911 2015 2002 2068 iiijs.

285 2092 350 2132 De
372 2092 574 2144 Johanne
599 2091 798 2144 Spenser‚
824 2089 959 2138 kaker,
983 2103 1060 2142 pro
1084 2091 1296 2130 consimili
1321 2091 1482 2131 ibidem
1536 2124 1541 2129 .
1885 2089 2000 2142 viijd.

283 2166 349 2205 De
371 2166 572 2218 Johanne
597 2165 700 2217 Ody
723 2178 800 2217 pro
823 2164 1036 2203 consimili
1910 2164 2001 2217 iiijs.

284 2240 350 2279 De
393 2239 614 2279 willelmo
658 2238 786 2279 Gulle
828 2244 869 2277 et
912 2237 1004 2277 aliis
1043 2237 1427 2279 conseoffatoribus
1466 2253 1543 2292 pro

452 2313 664 2353 consimili
689 2312 850 2352 ibidem
898 2345 903 2350 .
1153 2346 1158 2351 .
1279 2347 1284 2351 .
1406 2347 1410 2351 .
1532 2346 1537 2352 .
1798 2312 1889 2365 iiijs.
1916 2313 2000 2366 iijd.

283 2388 349 2428 De
371 2387 573 2440 Johanne
602 2388 716 2435 Law,
735 2386 948 2426 serviente
974 2385 1147 2426 Ricardi
1172 2386 1441 2440 Willughby,
1465 2400 1544 2440 pro

453 2461 666 2502 consimili
690 2461 850 2500 ibidem
904 2494 908 2499 .
1797 2460 1910 2514 viijd.
1935 2461 2000 2501 ob.

283 2536 350 2575 De
371 2535 572 2588 Johanne
596 2535 747 2575 Molde
769 2548 847 2587 pro
869 2533 1082 2574 consimili
1107 2535 1267 2575 ibidem
1815 2535 1892 2588 iijs.
1917 2534 2000 2587 vjd.

283 2610 349 2649 De
374 2610 592 2650 Edwardo
618 2609 773 2661 Hydes
796 2622 874 2661 pro
896 2607 1110 2648 consimili
1134 2608 1295 2649 ibidem
1773 2608 1909 2662 xiiijd.
1933 2608 2000 2648 ob.

283 2685 349 2724 De
371 2684 593 2724 Willelmo
617 2682 777 2725 Storke
799 2696 876 2735 pro
899 2682 1112 2722 consimili
1136 2683 1297 2723 ibidem
1783 2734 1786 2737 ‚
1939 2682 1999 2735 ijs.

282 2758 348 2798 De
374 2758 568 2799 Roberto
592 2757 766 2799 Cokker
789 2771 866 2810 pro
889 2757 1102 2797 consimili
1126 2757 1286 2797 ibidem
1628 2756 1703 2809 iijs.
1730 2756 1818 2808 xjd.
1843 2756 1908 2796 ob.
1934 2769 1998 2808 qa.

282 2833 349 2872 De
374 2833 562 2872 Ricardo
586 2833 788 2872 Turnour
811 2845 889 2884 pro
912 2831 1124 2871 consimili
1149 2831 1310 2871 ibidem
1808 2844 1869 2869 xs.
1895 2829 1998 2882 iiijd.

282 2907 349 2946 De
371 2906 595 2946 &Villelmo
620 2906 873 2957 Iremonger
895 2918 973 2957 pro
995 2904 1208 2944 consimili
1233 2905 1393 2944 ibidem
1915 2903 1999 2955 vjd.

283 2980 350 3019 De
376 2979 569 3020 Roberto
593 2978 790 3031 Strelley,
815 2978 961 3026 milite,
984 2992 1062 3030 pro
1085 2978 1298 3018 consimili
1322 2978 1480 3018 ibidem
1531 3012 1536 3017 .
1753 2978 1819 3017 vd.
1844 2978 1909 3017 ob.
1934 2991 1998 3030 qa.

283 3053 350 3092 De
371 3052 573 3105 Johanne
598 3053 772 3092 Forster
793 3065 871 3104 pro
894 3051 1106 3091 consimili
1131 3052 1292 3092 ibidem
1880 3051 1998 3104 xvjd.

283 3127 351 3166 De
373 3127 547 3167 Thoma
571 3126 753 3179 Stepley
774 3139 852 3178 pro
875 3125 1088 3165 consimili
1113 3125 1274 3165 ibidem
1815 3125 1890 3177 iijs.
1915 3125 1998 3177 vjd.

284 3202 351 3241 De
373 3201 595 3241 willelmo
618 3200 755 3248 Gulle,
779 3199 943 3247 clerico,
968 3205 1010 3239 et
1033 3199 1125 3238 aliis
1156 3198 1540 3239 confeoffatoribus

454 3288 532 3327 pro
554 3273 767 3314 consimili
791 3273 952 3313 ibidem
1028 3305 1034 3311 .
1808 3272 1908 3312 xvd.
1932 3271 1998 3311 ob.

287 3348 354 3388 De
377 3348 599 3388 willelmo
624 3346 795 3399 Perkyn
819 3360 896 3399 pro
920 3346 1132 3385 consimili
1156 3346 1316 3386 ibidem
1775 3345 1910 3397 xiiijd.
1935 3358 1999 3398 qa.

1770 680 1915 734 xxiijs.
1939 680 2006 721 ob.

1650 829 1792 883 xxvjs.
1816 829 1915 882 vijd.
1940 830 2006 870 ob.

1910 904 2006 956 xijs.

1719 978 1893 1031 xxviijs.
1918 978 2005 1018 ixd.
