2165 3835
278 419 351 458 192
536 416 754 449 REcoRDs
787 416 846 448 or
880 417 979 448 THE
1012 415 1247 448 ssoRoUGH
1281 415 1341 447 OF
1376 414 1728 446 NOTTINGHAM.
1865 406 1993 459 [1448

270 540 451 581 comites
473 540 664 580 habeant
687 547 729 581 et
751 546 965 593 occupent
994 538 1185 579 officium
1210 538 1554 579 Vicecomitatus
1578 537 1774 589 ejusdem
1797 536 1925 577 villae
1947 544 1990 578 et

271 614 610 667 procinctu[u]m
634 614 828 667 ejusdem
853 614 979 654 villae
1001 620 1129 666 prout
1152 626 1196 652 se
1219 612 1467 652 extendunt
1489 611 1556 651 vel
1580 617 1771 659 utuntur,
1795 612 1993 664 exceptis

270 689 602 741 prae-exceptiS,
626 702 762 742 usque
785 689 899 729 diem
932 688 1081 730 Sancti
1107 686 1334 727 Michaelis
1358 685 1625 738 Archangeli
1655 691 1758 725 tunc
1785 685 1991 738 proximo

271 761 474 811 futurum,
497 769 540 802 et
566 776 641 815 per
670 763 857 803 eundem
885 763 1000 802 diem
1023 774 1250 814 quousque
1279 761 1321 800 in
1352 760 1506 800 eodem
1537 760 1607 800 die
1637 759 1707 800 alii
1737 760 1824 800 duo
1856 761 1993 814 Burg-

270 850 394 877 enses
436 836 631 890 ejusdem
670 837 796 877 villae
837 837 878 876 in
921 836 1214 877 Vicecomites
1252 834 1378 875 villae
1421 834 1533 874 illius
1571 840 1614 874 et
1650 834 1992 888 procinctu[u]m

270 911 465 963 ejusdem
487 911 614 951 villae
637 918 765 964 prout
788 925 832 951 se
855 911 1103 951 extendunt
1126 910 1191 950 vel
1219 915 1410 958 utuntur,
1434 908 1631 961 exceptis
1655 909 1989 962 prae-exceptis,

270 999 348 1038 pro
370 999 485 1026 anno
508 992 610 1025 tunc
638 985 842 1038 proximo
865 985 1010 1025 futuro
1039 998 1114 1037 per
1142 990 1245 1024 tunc
1276 983 1492 1036 Majorem
1524 989 1566 1023 et
1598 983 1842 1035 Burgenses
1865 983 1993 1024 villae

271 1060 382 1099 illius
419 1059 642 1112 eligantur.
710 1060 765 1100 Et
798 1060 914 1112 quod
948 1073 1004 1099 ex
1038 1066 1140 1099 tunc
1172 1057 1466 1098 Vicecomites
1503 1057 1630 1097 villae
1667 1057 1779 1097 illius
1817 1064 1859 1098 et
1896 1071 1992 1110 pro-

269 1133 528 1186 cinctu[u]m
563 1134 758 1186 ejusdem
794 1133 919 1173 villae
953 1140 1081 1186 prout
1115 1146 1160 1172 se
1194 1132 1441 1172 extendunt
1475 1132 1540 1172 vel
1577 1138 1767 1181 utuntur,
1795 1132 1992 1185 exceptis

270 1207 600 1260 prae-exceptis,
654 1208 878 1247 annuatim
932 1208 1253 1259 imperpetuum
1306 1206 1348 1245 in
1396 1205 1506 1246 festo
1560 1206 1709 1247 Sancti
1764 1206 1993 1247 Michaelis

270 1280 537 1333 Archangeli
579 1280 792 1333 eligentur
833 1288 874 1321 et
912 1280 1188 1333 perficientur
1231 1281 1271 1319 in
1311 1280 1450 1319 forma
1486 1280 1740 1333 subscripta,
1778 1281 1991 1330 videlicet,

271 1355 414 1407 Major
447 1361 489 1395 et
526 1355 768 1407 Burgenses
803 1355 998 1407 ejusdem
1030 1355 1156 1395 villae
1187 1354 1488 1407 Notyngham'
1519 1368 1597 1406 pro
1627 1360 1824 1407 tempore
1858 1356 1992 1396 exist-

269 1436 390 1470 entes
419 1428 613 1482 quolibet
646 1442 772 1478 anno,
803 1430 843 1468 in
878 1429 973 1469 loco
1006 1430 1190 1469 duorum
1226 1428 1490 1468 Ballivorum
1521 1427 1648 1467 villae
1678 1428 1801 1475 illius,
1831 1429 1993 1482 eligent

269 1505 324 1544 de
356 1518 402 1543 se
436 1503 538 1556 ipsis
568 1504 676 1543 duas
706 1517 912 1556 personas
941 1504 1137 1556 ydoneas
1167 1503 1208 1542 in
1240 1502 1533 1542 Vicccomites
1566 1501 1762 1554 ejusdcm
1793 1502 1921 1543 villae
1950 1510 1992 1543 ct

268 1577 606 1631 procinctu[u]m
631 1577 825 1630 ejusdem
850 1578 976 1618 villae
1000 1584 1127 1630 prout
1150 1591 1194 1617 se
1217 1577 1465 1617 extendunt
1488 1575 1553 1616 vel
1578 1582 1769 1625 utuntur,
1793 1578 1991 1630 exceptis

268 1652 600 1705 prae-exceptis,
634 1652 788 1691 eodem
828 1653 960 1692 modo
998 1666 1084 1704 quo
1122 1652 1367 1703 Burgcnses
1405 1650 1532 1690 villae
1570 1650 1682 1690 illius
1720 1651 1761 1690 in
1803 1651 1992 1692 Ballivos

268 1726 463 1779 ejusdem
505 1726 633 1766 villae
676 1732 777 1766 ante
819 1727 924 1766 haec
973 1733 1172 1779 tempora
1213 1726 1311 1778 eligi
1360 1731 1687 1765 consueverunt.
1773 1725 1830 1765 Et
1873 1727 1990 1778 quod

270 1801 512 1853 Burgenscs
535 1800 730 1852 ejusdcm
755 1800 880 1840 villae
905 1801 944 1839 in
970 1800 1262 1841 Vicecomitcs
1292 1799 1419 1839 villae
1442 1799 1553 1839 illius
1583 1805 1626 1839 et
1649 1799 1989 1853 procinctu[u]m

268 1874 463 1927 ejusdem
485 1874 611 1914 villae
634 1881 761 1927 prout
784 1888 829 1915 se
851 1875 1099 1915 extendunt
1122 1874 1187 1914 vel
1212 1880 1402 1923 utuntur,
1426 1874 1624 1926 exceptis
1653 1875 1989 1927 prae-exceptis,

268 1949 310 1988 in
346 1948 485 1989 forma
521 1949 743 2002 praedicta
780 1949 978 2002 eligendi,
1017 1949 1164 1989 statim
1208 1955 1307 2001 post
1350 1948 1606 1989 electionem
1642 1948 1697 1988 de
1739 1961 1784 1988 se
1818 1948 1990 1998 factam,

268 2029 541 2063 sacramenta
570 2036 647 2062 sua
669 2036 814 2062 coram
846 2023 1015 2075 Majore
1037 2023 1164 2063 villae
1195 2023 1316 2071 illius,
1340 2023 1412 2075 qui
1443 2036 1521 2075 pro
1551 2029 1749 2075 tempore
1772 2022 1910 2072 suerit,
1935 2025 1988 2064 ad

269 2096 458 2137 officium
477 2097 797 2137 Vicecomitum
823 2097 1069 2138 Comitatus
1093 2097 1204 2137 illius
1227 2097 1373 2137 debite
1396 2103 1438 2137 ct
1461 2097 1654 2149 legitime
1677 2098 1986 2150 exequendum

269 2171 572 2224 praestabunt3
605 2178 647 2211 et
670 2172 786 2223 quod
821 2177 948 2211 extra
982 2172 1166 2212 eandem
1199 2171 1343 2211 villam
1375 2172 1429 2211 ad
1460 2178 1733 2212 sacramenta
1762 2185 1839 2211 sua
1867 2185 1989 2225 prae-

269 2245 426 2285 standa
464 2258 549 2284 non
588 2245 853 2285 transibunt:
897 2259 1080 2298 quorum
1116 2246 1293 2298 quidem
1334 2245 1653 2286 Vicecomitum
1693 2246 1872 2287 nomina
1909 2247 1989 2288 sub

269 2319 410 2371 sigillo
444 2319 687 2372 Majoratus
721 2319 832 2359 illius
868 2319 994 2359 villae
1030 2320 1314 2372 Notingham’
1350 2321 1391 2360 in
1429 2320 1744 2362 Cancellariam
1784 2327 1989 2371 nostram,

269 2393 477 2433 heredum
515 2400 557 2433 et
593 2406 888 2433 successorum
928 2400 1186 2443 nostrorum,
1222 2394 1448 2434 annuatim
1484 2393 1594 2434 infra
1627 2395 1860 2436 duodecim
1896 2395 1987 2436 dies

269 2467 548 2508 electionem1
573 2467 822 2520 hujusmodi
846 2469 1050 2520 proximo
1073 2476 1304 2521 sequentes
1329 2469 1564 2509 mittentur.

357 2541 415 2581 Et
449 2542 565 2594 quod
600 2548 690 2581 tam
723 2542 905 2594 quilibet
940 2543 1174 2595 Burgensis
1211 2543 1407 2596 ejusdem
1445 2543 1572 2583 villae
1611 2543 1912 2596 Notyngham’
1946 2544 1987 2584 in

271 2615 485 2668 Majorem
520 2615 646 2656 villae
680 2615 790 2656 illius
826 2617 1110 2669 imposterum
1144 2617 1370 2669 eligendus
1403 2631 1454 2657 eo
1491 2618 1585 2670 ipso
1622 2624 1664 2658 et
1697 2631 1828 2670 quam
1863 2618 1989 2659 citius

270 2690 311 2729 in
350 2689 564 2742 Majorem
602 2689 728 2730 villae
765 2690 876 2731 illius
914 2691 1075 2732 electus
1113 2691 1248 2739 fuerit,
1288 2705 1420 2744 quam
1459 2705 1572 2731 nunc
1611 2692 1755 2744 Major
1785 2692 1987 2744 *ejusdem

269 2763 395 2804 villae
418 2764 471 2804 sit
494 2777 550 2804 ex
569 2777 683 2804 nunc
704 2765 913 2806 Escaetor
935 2772 1090 2814 noster,
1109 2766 1317 2806 heredum
1342 2773 1384 2806 et
1407 2779 1703 2806 successorum
1728 2772 1986 2815 nostrorum,

270 2837 311 2876 in
344 2837 446 2878 villa
474 2844 516 2878 et
546 2839 837 2891 procinctibus
868 2839 949 2879 illis
981 2840 1166 2880 durante
1195 2847 1289 2880 toto
1319 2847 1516 2892 tempore
1538 2853 1625 2892 quo
1655 2840 1809 2892 aliquis
1839 2840 1986 2893 hujus—

271 2912 388 2952 modi
427 2912 659 2965 Burgensis
697 2914 737 2952 in
776 2913 918 2953 officio
957 2914 1199 2967 Majoratus
1237 2914 1363 2954 villae
1400 2915 1511 2955 illius
1554 2914 1740 2964 steterit;
1786 2921 1828 2955 et
1870 2915 1987 2968 quod

270 2986 389 3025 nullo
420 2992 616 3039 tempore
640 2986 783 3027 futuro
813 2988 965 3040 aliquis
996 2989 1104 3028 alius
1133 2989 1343 3030 Escaetor
1372 2995 1446 3029 aut
1475 2989 1732 3029 Vicecomes
1759 2988 1801 3028 in
1831 3002 1906 3029 seu
1933 2989 1988 3030 de

270 3060 423 3099 eadem
453 3059 553 3100 villa
577 3061 876 3114 Notyngham'
899 3069 942 3102 et
971 3063 1265 3115 procinctibus
1294 3063 1490 3115 ejusdem
1514 3068 1642 3115 prout
1671 3076 1717 3102 se
1739 3063 1986 3103 extendunt

269 3133 335 3173 vel
369 3139 559 3183 utuntur,
595 3135 790 3187 exceptis
828 3137 1160 3189 prae-exceptis,
1197 3151 1329 3190 quam
1365 3138 1418 3177 de
1457 3137 1751 3190 Burgensibus
1788 3137 1984 3190 ejusdem

270 3206 406 3256 villae,
443 3213 490 3247 ut
527 3208 789 3260 praedicitur
830 3208 993 3258 fiendis,
1036 3210 1189 3262 quovis
1232 3210 1364 3251 modo
1407 3210 1513 3252 fiant
1559 3224 1634 3251 seu
1676 3210 1892 3261 existant;
1943 3218 1986 3252 et

270 3281 386 3332 quod
422 3281 631 3322 Escaetor
662 3289 704 3323 et
736 3283 1029 3324 Vicecomites
1061 3284 1257 3336 ejusdem
1290 3284 1426 3333 villae,
1460 3291 1502 3325 et
1534 3298 1683 3324 eorum
1717 3298 1985 3325 successores

843 3376 850 3388 ¹
875 3373 1079 3413 datianam]
1101 3375 1108 3388 ‘
1120 3372 1313 3412 electionis,’
1331 3374 1365 3404 M
1372 3374 1404 3405 S.
