2165 3835
292 403 371 442 292
555 399 774 431 REconns
806 398 867 430 OF
900 397 1000 428 THE
1032 396 1267 429 BOROUGH
1301 397 1361 428 OF
1395 397 1741 429 NOTTINGHAM.
1877 385 2004 439 [1473

296 525 364 564 De
385 523 587 577 Johanne
611 523 830 575 Bampton
855 535 932 574 pro
955 520 1167 561 consimili
1191 521 1351 560 ibidem
1415 554 1420 559 .

298 599 367 638 De
392 598 584 651 Hugone
607 596 758 639 Cooke
780 610 858 650 pro
880 595 1093 636 consimili
1116 595 1277 635 ibidem

294 673 364 712 De
387 671 574 712 Matilda
598 671 751 714 Stable
773 684 852 724 pro
874 669 1088 710 consimili
1111 669 1273 709 ibidem
1292 701 1298 708 .

296 747 364 787 De
388 746 579 786 Ricardo
602 745 755 788 Stable
777 758 856 798 pro
878 743 1092 784 consimili
1115 743 1277 783 ibidem
1296 775 1302 782 .

296 821 365 860 De
390 820 582 861 Henrico
606 819 784 860 Bullour
806 832 885 872 pro
907 816 1120 858 consimili
1145 816 1305 857 ibidem

299 895 366 935 De
391 894 580 935 Ricardo
603 893 801 934 Mellour’
825 906 903 945 pro
925 891 1138 932 consimili
1163 891 1324 931 ibidem

300 970 367 1009 De
392 969 643 1008 Baldewino
665 966 941 1019 Wyllughby
963 979 1041 1018 pro
1064 965 1277 1005 consimili
1301 965 1462 1005 ibidem

300 1043 368 1082 De
392 1042 606 1081 Nicholao
631 1041 821 1093 Segrave
844 1053 921 1092 pro
944 1039 1157 1079 consimili
1181 1040 1342 1079 ibidem
1423 1073 1428 1078 .

301 1118 368 1157 De
394 1117 586 1169 Hugone
611 1114 819 1167 Risseley‚
835 1114 1014 1166 juniore,
1034 1127 1112 1166 pro
1134 1114 1347 1153 consimili
1371 1113 1553 1154 ibidem.

302 1266 369 1306 De
395 1265 589 1306 Roberto
611 1263 822 1304 Torlaton
846 1276 924 1315 pro
946 1262 1117 1302 decima
1139 1269 1262 1315 parte
1284 1263 1417 1303 totius
1440 1263 1559 1303 liberi

472 1339 710 1380 tenementi
734 1338 798 1378 sui
821 1337 982 1377 ibidem
1044 1370 1050 1376 .

301 1414 369 1454 De
390 1414 593 1467 Johanne
617 1412 705 1452 Pel<
729 1425 807 1465 pro
829 1411 1042 1451 consimili
1066 1411 1227 1451 ibidem
1302 1444 1307 1450 .

302 1488 370 1528 De
393 1487 589 1528 Waltero
616 1486 786 1538 Hylton
811 1499 888 1538 pro
911 1485 1124 1524 consimili
1150 1485 1309 1525 ibidem

304 1563 372 1603 De
394 1561 616 1602 Willelmo
641 1560 842 1612 Fyscher,
867 1559 1001 1607 bahan
1026 1573 1103 1611 pro
1126 1560 1338 1599 consimili
1364 1560 1523 1600 ibidem
1555 1594 1559 1599 .

305 1637 372 1677 De
395 1635 618 1676 Willelmo
643 1635 853 1686 Buntyng
875 1647 953 1686 pro
976 1633 1188 1673 consimili
1213 1634 1373 1674 ibidem
1432 1668 1437 1673 .

306 1712 373 1751 De
390 1710 591 1763 Johanne
608 1706 1162 1760 Castley‚cappellano,pro
1176 1708 1389 1748 consimili
1406 1709 1565 1748 ibidem

305 1786 373 1826 De
396 1785 569 1825 Thoma
594 1782 770 1823 Lokton
795 1795 872 1835 pro
895 1782 1108 1821 consimili
1133 1782 1294 1822 ibidem

305 1860 372 1899 De
394 1859 596 1911 Johanne
618 1857 898 1909 Thrumpton
923 1869 1000 1908 pro
1023 1856 1235 1896 consimili
1260 1857 1421 1898 ibidem

306 1935 374 1975 De
396 1933 540 1973 Alicia
564 1931 746 1984 Colvyle
768 1944 847 1983 pro
869 1931 1082 1970 consimili
1107 1930 1269 1971 ibidem
1302 1965 1307 1970 .

306 2010 374 2050 De
400 2008 593 2048 Henrico
618 2005 812 2057 Bromby
835 2018 912 2057 pro
936 2005 1149 2044 consimili
1174 2005 1334 2044 ibidem

306 2084 374 2123 De
391 2082 593 2135 Johanne
611 2079 773 2132 Leyke,
788 2080 843 2119 de
860 2078 1065 2126 Lanford,
1083 2093 1159 2131 pro
1176 2080 1387 2119 consimili
1405 2080 1565 2120 ibidem

307 2158 374 2198 De
397 2154 619 2196 willelmo
643 2152 836 2195 Stafford
861 2166 939 2205 pro
962 2153 1174 2192 consimili
1199 2153 1359 2193 ibidem
1433 2188 1438 2193 .

308 2232 376 2272 De
397 2230 598 2284 Johanne
623 2229 776 2276 Hurte,
800 2227 965 2274 clerico,
989 2240 1066 2279 pro
1089 2228 1301 2267 consimili
1327 2229 1486 2269 ibidem
1559 2264 1563 2268 .

308 2306 376 2346 De
402 2303 595 2345 Henrico
618 2304 725 2344 Cost
748 2316 825 2355 pro
848 2301 1060 2341 consimili
1085 2302 1245 2342 ibidem
1306 2337 1310 2342 .

309 2381 377 2421 De
402 2378 591 2420 Ricardo
614 2376 764 2424 Glade,
784 2376 1019 2428 capellano,
1038 2389 1115 2428 pro
1138 2377 1350 2416 consimili
1375 2377 1535 2417 ibidem
1559 2411 1564 2416 .

310 2456 378 2495 De
399 2453 600 2507 Johanne
625 2449 838 2503 Lychfeld
862 2463 940 2502 pro
963 2450 1175 2489 consimili
1200 2450 1360 2490 ibidem
1435 2485 1439 2490 ,

311 2530 378 2569 De
405 2528 596 2580 Hugone
621 2526 733 2565 Hert
756 2538 834 2577 pro
856 2524 1069 2564 consimili
1094 2524 1255 2564 ibidem
1309 2559 1313 2564 .

312 2604 380 2644 De
404 2604 578 2654 Rogero
603 2599 872 2652 Ulgerthorp
895 2612 973 2651 pro
995 2599 1208 2638 consimili
1233 2600 1392 2639 ibidem
1437 2634 1442 2639 .

313 2679 380 2718 De
406 2675 598 2716 Henrico
618 2675 858 2726 Perpownt,
878 2672 1023 2721 milite,
1040 2686 1118 2725 pro
1136 2673 1348 2713 consimili
1368 2674 1527 2713 ibidem
1564 2707 1568 2712 .

314 2753 382 2792 De
404 2749 626 2790 Willelmo
650 2747 889 2790 Scherman
914 2761 992 2800 pro
1014 2747 1227 2787 consimili
1251 2747 1410 2788 ibidem
1435 2782 1440 2787 .

315 2827 382 2866 De
409 2825 600 2876 Hugone
623 2822 790 2863 Monke
812 2835 890 2875 pro
913 2821 1126 2861 consimili
1150 2821 1311 2862 ibidem

316 2901 383 2940 De
408 2897 597 2939 Ricardo
620 2897 784 2936 Burton
809 2909 886 2948 pro
909 2895 1122 2935 consimili
1146 2895 1308 2935 ibidem

317 2974 384 3014 De
406 2972 608 3026 Johanne
631 2969 792 3012 Castell
817 2983 895 3022 pro
917 2969 1130 3009 consimili
1154 2970 1314 3010 ibidem

318 3048 386 3087 De
407 3046 582 3086 Thoma
606 3045 757 3084 Ivenet
780 3057 857 3096 pro
880 3044 1092 3083 consimili
1117 3044 1277 3083 ibidem
1311 3078 1316 3082 .

318 3122 386 3161 De
410 3119 549 3160 Elena
571 3118 672 3160 Gull
696 3131 774 3171 pro
796 3117 1008 3157 consimili
1032 3118 1193 3157 ibidem

319 3196 387 3235 De
428 3194 603 3235 Thoma
650 3192 882 3245 Plumptre,
926 3191 1193 3244 cappellano,
1236 3205 1314 3244 pro
1362 3192 1574 3231 consimili

492 3268 651 3308 ibidem
685 3300 690 3306 .

322 3344 390 3384 De
415 3342 607 3383 Henrico
630 3340 798 3380 Wilson
823 3354 900 3394 pro
923 3339 1136 3380 consimili
1161 3339 1321 3380 ibidem

1811 518 1871 571 ijs.
1895 517 2009 571 viijd.

1812 593 1872 646 ijs.
1896 592 2010 644 viijd.

1752 667 1826 720 vjs.
1851 666 1921 720 ijd.
1944 665 2011 706 ob.

1771 741 1831 794 ijs.
1856 741 1922 781 vd.
1947 754 2012 793 qa.

1782 815 1843 867 ijs.
1864 814 1922 868 jd.
1947 828 2012 867 qa.

1749 890 1834 942 iijd.
1858 889 1924 930 ob.
1948 903 2013 942 qa.

1913 966 2014 1005 xvd.

1882 1039 2015 1092 xvijd.

1787 1113 1846 1165 ijs.
1869 1113 1926 1166 jd.
1951 1114 2016 1154 ob.

1770 1197 1881 1239 4502
1906 1195 2017 1228 recto.

1832 1337 1892 1390 ijs.
1917 1337 2016 1390 vijd.

1720 1411 1839 1464 xiijd.
1863 1411 1929 1451 ob.
1953 1424 2019 1463 qa.

1731 1486 1790 1538 ijs.
1815 1485 1930 1540 viijd.
1953 1485 2020 1526 ob.

1933 1560 2020 1600 ixd.

1743 1634 1845 1687 xijd.
1870 1633 1935 1674 ob.
1956 1647 2020 1686 qa.

1934 1708 2021 1748 ixd.

1840 1796 1896 1822 vs.
1922 1782 2022 1834 iiijd.

1687 1858 1762 1910 iijs.
1784 1858 1841 1910 jd.
1867 1858 1932 1898 ob.
1958 1871 2022 1910 qa.

1556 1966 1562 1971 .
1646 1932 1704 1984 ijs.
1729 1932 1842 1985 viijd.
1868 1932 1932 1972 ob.
1958 1945 2022 1984 qa.

1962 2005 2023 2058 ijs.

1877 2080 1934 2132 jd.
1960 2093 2024 2132 qa.

1900 2154 2023 2207 xxjd.

1920 2228 2024 2280 xijd.

1834 2302 1909 2354 iijs.
1935 2301 2024 2354 xjd.

1758 2377 1835 2416 ixs.
1862 2376 1931 2415 xd.
1957 2376 2022 2415 ob.

1775 2450 1835 2503 ijs
1862 2450 1932 2490 xd.
1957 2450 2023 2489 ob.

1942 2524 2025 2576 vjd.

1849 2597 1937 2650 xjd.
1962 2611 2026 2650 qa.

1748 2672 1847 2727 iiijd.
1872 2672 1937 2711 ob.
1962 2685 2026 2723 qa.

1707 2746 1845 2798 xxijd.
1871 2746 1936 2785 ob.
1962 2759 2027 2797 qa.

1723 2820 1814 2873 iiijs.
1838 2819 1937 2873 vijd.
1963 2819 2028 2859 ob.

1763 2894 1848 2947 iijd.
1873 2894 1938 2934 ob.
1962 2907 2027 2946 qa.

1941 2968 2029 3021 xjd.

1826 3042 1940 3095 viijd.
1965 3055 2030 3095 qa.

1821 3116 1939 3170 xiijd.
1964 3129 2030 3168 qa.

1842 3264 1917 3316 iijs.
1942 3263 2031 3316 xjd.

1967 3350 2031 3391 qa.
