2165 3835
317 379 399 430 306
581 384 799 417 RECORDS
832 384 892 416 OF
925 384 1024 415 THE
1058 384 1293 417 BOROUGH
1327 384 1386 416 OF
1421 384 1767 416 NOTTINGHAM.
1903 375 2033 428 [1479

315 509 578 551 commendo
608 508 799 549 animam
830 521 972 548 meam
1005 508 1102 548 Deo
1132 508 1449 560 Omnipotenti,
1473 508 1635 548 Beatae
1664 508 1831 548 Mariae
1853 507 2034 561 Virgini,

314 591 357 625 et
390 582 593 624 omnibus
627 582 798 630 sanctis,
831 595 1074 634 corpusque
1109 595 1254 621 meum
1286 581 1574 633 sepiliendum
1607 581 1649 621 in
1684 581 1880 622 Ecclesia
1912 582 2034 622 Beati

318 658 432 699 Petri
452 656 746 709 Notingham'.
795 656 906 696 Item
931 656 1029 709 lego
1051 670 1129 708 pro
1147 669 1245 695 meo
1268 655 1493 708 principali
1512 668 1657 695 meum
1675 655 1891 708 optimum

317 733 429 773 Item
453 730 552 784 lego
575 730 762 771 fabricae
784 729 990 770 ecclesiae
1013 730 1261 782 praedictae
1284 729 1393 782 xiijs.
1419 729 1518 782 iiijd.
1585 730 1697 769 Item
1726 729 1824 782 lego
1851 728 2037 770 fabricae

317 805 538 847 Ecclesiae
569 806 731 845 Beatae
761 804 927 844 Mariae
957 804 1242 856 Notingham'
1274 804 1348 856 iijs.
1374 803 1474 856 iiijd.
1540 804 1652 843 Item
1684 803 1782 855 lego
1816 803 2037 844 Ecclesiae

316 880 467 922 Sancti
490 879 693 919 Nicholai
718 878 1003 931 Notingham'
1027 878 1102 930 iijs.
1128 878 1227 930 iiijd.
1288 878 1400 918 Item
1425 877 1523 930 lego
1547 877 1770 918 Fratribus
1794 877 2037 917 Minoribus

316 953 602 1007 Notingham’
641 952 716 1005 iijs.
756 952 856 1005 iiijd.
937 953 1049 992 Item
1093 952 1190 1004 lego
1234 951 1456 992 Fratribus
1499 951 1746 993 Carmelitis
1788 952 1842 992 de
1884 951 2035 992 eadem

315 1028 391 1081 iijs.
426 1027 526 1080 iiijd.
593 1028 704 1068 Item
738 1027 835 1079 lego
867 1027 909 1066 in
945 1026 1138 1079 pecuniis
1172 1025 1481 1088 distribuendis
1516 1025 1779 1078 pauperibus
1813 1032 1856 1066 et
1889 1026 2036 1078 egenis

315 1115 391 1155 per
411 1102 716 1142 discretionem
741 1100 998 1141 executricis
1023 1114 1145 1140 meae
1168 1107 1210 1140 et
1233 1100 1514 1153 supervisoris
1536 1100 1628 1153 ejus
1652 1114 1749 1140 xxs.
1805 1100 1918 1140 Item
1941 1099 2038 1153 lego

315 1177 577 1229 reparationi
613 1175 814 1216 Pontium
848 1176 902 1215 de
937 1174 1177 1215 Hethbeth’
1204 1174 1277 1227 vjs.
1306 1173 1420 1226 viijd.
1486 1174 1598 1214 Item
1632 1174 1731 1226 lego
1763 1173 2039 1226 Margaretae

316 1250 460 1292 Grene
489 1249 601 1290 filiae
631 1262 753 1289 meae
784 1263 880 1289 xxs.
947 1249 1059 1289 Item
1091 1248 1188 1300 lego
1219 1248 1416 1288 Roberto
1447 1247 1559 1297 Pole,
1587 1246 1674 1288 filio
1696 1247 1905 1288 Willelmi
1937 1247 2040 1288 Pole

315 1338 452 1377 nuper
486 1322 558 1363 filii
595 1323 688 1371 mei,
726 1323 835 1375 xiijs.
871 1322 972 1375 iiijd.
1038 1323 1150 1362 Item
1186 1322 1284 1374 lego
1317 1321 1450 1362 sorori
1486 1322 1682 1374 ejusdem
1720 1321 1900 1362 Roberti
1937 1322 2041 1362 Pole

314 1399 389 1451 vjs.
423 1398 536 1451 viijd.
613 1398 724 1437 Item
762 1397 819 1436 do
856 1403 897 1437 et
935 1396 1033 1449 lego
1070 1396 1239 1449 Majori,
1273 1396 1628 1445 Vicecomitibus,
1667 1396 1961 1450 Burgensibus
1997 1402 2041 1436 et

315 1472 564 1513 hominibus
602 1472 727 1512 villae
771 1471 1130 1523 Notyngbamiae
1172 1484 1306 1510 unum
1345 1484 1530 1511 vacuum
1568 1470 1707 1510 solum
1746 1472 1834 1511 sive
1871 1471 2039 1524 peciam

316 1553 456 1587 terrae
473 1552 670 1586 vastatae
690 1546 909 1598 jacentem
929 1546 970 1584 in
992 1545 1280 1597 Notyngbam
1300 1545 1522 1597 praedicta
1542 1545 1671 1597 juxta
1690 1544 1895 1597 Guyhald
1914 1544 2040 1585 villae

315 1634 445 1674 supra
478 1621 630 1668 dictae,
664 1620 775 1660 inter
807 1620 922 1659 viam
958 1620 1120 1671 regiam
1154 1632 1211 1659 ex
1244 1626 1366 1671 parte
1398 1618 1550 1658 boriali
1586 1625 1628 1658 et
1663 1626 1821 1659 terram
1859 1618 2039 1659 Roberti

318 1695 548 1748 Inglysshe
586 1708 642 1734 ex
680 1701 802 1747 parte
840 1694 1026 1742 australi,
1065 1700 1106 1734 et
1144 1694 1317 1734 abuttat
1359 1706 1486 1746 super
1528 1693 1800 1746 mesuagium
1843 1693 2039 1746 ejusdem

318 1769 496 1809 Roberti
533 1769 662 1821 juxta
697 1775 844 1820 portas
879 1781 977 1808 suas
1011 1781 1156 1807 versus
1191 1768 1402 1807 orientem
1438 1774 1480 1807 et
1515 1781 1643 1820 super
1677 1767 1883 1821 Guyhald
1919 1781 2040 1820 prae-

316 1845 480 1884 dictum
516 1857 662 1883 versus
699 1843 984 1890 occidentem,
1021 1843 1138 1895 quod
1177 1843 1353 1895 quidem
1393 1856 1576 1882 vacuum
1615 1843 1755 1883 solum
1794 1843 1882 1882 sive
1919 1843 2042 1895 pecia

316 1926 453 1959 terrae
490 1924 686 1958 vastatae
728 1918 922 1957 continet
964 1918 1005 1956 in
1049 1916 1321 1969 longitudine
1364 1930 1388 1956 a
1429 1917 1546 1957 dicto
1589 1917 1814 1969 mesuagio
1858 1916 2039 1957 Roberti

319 1992 534 2045 Inglisshe
552 1992 684 2045 juxta
706 1998 854 2044 portas
877 1991 1122 2044 praedictas
1145 2004 1281 2044 usque
1304 1991 1468 2031 dictum
1493 1991 1700 2044 Guyhald
1725 2004 1871 2031 versus
1899 1990 2040 2030 occid-

318 2073 462 2108 entem
486 2066 807 2120 quinquaginta
836 2072 878 2106 et
900 2065 1093 2118 quinque
1122 2065 1255 2118 pedes
1278 2078 1353 2118 per
1383 2065 1548 2118 virgam
1572 2064 1756 2117 regiam:
1788 2064 2039 2105 habendum

316 2148 359 2182 et
390 2142 629 2182 tenendum
663 2140 934 2193 praedictum
965 2153 1149 2179 vacuum
1183 2139 1323 2179 solum
1357 2139 1446 2179 sive
1478 2138 1645 2191 peciam
1679 2144 1817 2178 terrae
1845 2144 2042 2178 vastatae

317 2216 521 2270 praefatis
551 2216 722 2269 Majori,
745 2214 1100 2263 vicecomitibus,
1126 2214 1420 2267 Burgensibus
1450 2220 1492 2254 et
1521 2213 1771 2253 hominibus
1793 2212 2042 2266 praedictae

317 2290 443 2330 villae
475 2289 761 2342 Notingham'
795 2295 837 2329 et
869 2288 1189 2328 successoribus
1221 2289 1308 2328 suis
1341 2288 1662 2341 imperpetuum
1695 2288 1750 2328 de
1782 2286 2041 2340 capitalibus

318 2364 506 2405 dominis
544 2363 658 2403 feodi
701 2362 813 2402 illius
850 2376 925 2415 per
966 2362 1140 2402 servitia
1181 2363 1282 2402 inde
1324 2363 1472 2403 debita
1509 2368 1551 2403 et
1587 2363 1642 2403 de
1679 2361 1775 2415 jure
1811 2368 2040 2412 consueta;

317 2439 435 2492 quod
465 2437 641 2491 quidem
665 2449 850 2477 vacuum
881 2436 1021 2476 solum
1052 2436 1142 2476 sive
1171 2436 1294 2489 pecia
1323 2442 1462 2476 terrae
1484 2441 1681 2477 vastatae
1709 2449 1792 2489 ego
1820 2434 2040 2489 praefatus

317 2513 541 2567 Johannes
566 2511 669 2552 Pole
685 2524 823 2564 nuper
839 2510 971 2551 habui
995 2524 1052 2551 ex
1075 2510 1193 2551 dono
1215 2516 1258 2551 et
1280 2510 1560 2551 concessione
1577 2509 1760 2550 Walteri
1783 2508 2039 2563 Owthorp’,1

320 2587 546 2640 Capellani
585 2585 817 2628 Cantariae
848 2585 1082 2638 vulgariter
1112 2591 1294 2626 vocatae
1336 2585 1529 2638 ‘Amyas
1568 2584 1870 2637 Chaunterye.’
1933 2583 2040 2624 Res-

319 2662 469 2702 iduum
502 2674 603 2700 vero
635 2659 831 2700 omnium
864 2659 1078 2700 bonorum
1113 2673 1307 2700 meorum
1341 2660 1535 2713 superius
1570 2673 1656 2699 non
1694 2658 1949 2712 legatorum,
1982 2658 2040 2698 do

320 2742 362 2775 et
392 2735 489 2788 lego
523 2733 687 2774 Elenae
719 2733 845 2774 uxori
879 2747 1012 2782 meae,
1042 2740 1089 2774 ut
1122 2734 1224 2786 ipsa,
1257 2734 1400 2774 Deum
1431 2747 1533 2787 prae
1565 2733 1699 2774 oculis
1731 2724 1908 2782 habens,
1938 2733 2040 2773 inde

321 2810 491 2850 ordinet
521 2815 563 2849 et
592 2809 798 2861 disponat
828 2822 905 2860 pro
935 2808 1073 2848 salute
1102 2808 1274 2848 animae
1304 2822 1426 2848 meae
1458 2821 1532 2861 per
1565 2807 1834 2860 supervisum
1867 2813 1910 2847 et
1939 2819 2039 2847 con-

321 2883 463 2923 silium
496 2883 675 2923 Roberti
706 2882 818 2922 Yole
847 2890 888 2922 et
911 2882 1118 2922 willelmi
1152 2883 1439 2935 Shevyngton
1470 2888 1597 2935 prout
1626 2881 1705 2921 sibi
1735 2887 1777 2921 et
1804 2881 1864 2921 eis
1888 2880 2039 2921 melius

322 2957 536 2998 videbitur
573 2957 789 3009 expedire.
870 2956 926 2996 Et
964 2957 1147 2997 eandem
1193 2956 1377 2996 Elenam
1416 2956 1543 3008 hujus
1580 2955 1831 2995 testamenti
1870 2955 1953 2994 mei
1991 2968 2040 2995 ae

323 3032 501 3072 ultimae
518 3031 754 3071 voluntatis
779 3043 900 3070 meae
923 3031 1141 3071 constituo
1159 3031 1462 3079 executricem,
1482 3044 1530 3070 ac
1553 3029 1770 3083 praefatos
1795 3028 2039 3069 Robertum

322 3105 435 3145 Yole
477 3112 519 3146 et
554 3104 823 3145 Willelmum
868 3104 1156 3158 Shevyngton
1199 3105 1378 3158 ejusque
1415 3104 1526 3145 facio
1562 3103 1854 3157 supervisores
1892 3109 1934 3144 et
1971 3116 2040 3143 co-

327 3179 547 3231 adjutores
570 3193 645 3232 per
667 3185 925 3231 praesentes.

391 3288 399 3300 ¹
424 3284 505 3315 This
538 3289 632 3325 grant
667 3284 748 3315 from
784 3283 965 3325 Owthorpe
996 3284 1022 3315 is
1053 3285 1119 3315 still
1250 3289 1326 3322 etc.,
1346 3285 1378 3315 in
1398 3284 1462 3316 this
1479 3285 1608 3316 volume
1624 3288 1745 3326 postea,
1764 3283 1868 3315 under
1890 3283 1945 3314 the
1965 3293 2042 3324 year

326 3339 507 3379 preserved.
577 3339 638 3370 See
677 3338 841 3369 Calendar
879 3338 916 3368 os
951 3338 1115 3376 Charters‚
1253 3337 1343 3377 1478.
