2165 3835
264 410 317 461 76
530 419 748 452 RECORDS
781 421 842 452 OF
876 419 975 451 THE
1009 420 1244 452 BOROUGH
1279 419 1338 451 OF
1374 419 1721 450 NOTTINGHAM.
1857 409 1979 462 [1411

263 542 379 583 aliud
413 550 544 596 caput
576 556 705 596 super
737 544 1009 595 praedictum
1043 543 1185 582 vicum
1219 542 1273 582 de
1309 542 1580 594 Houndgate
1613 554 1760 580 versus
1797 540 1986 590 boriam;

263 622 305 657 et
328 623 515 669 quatuor
537 617 720 669 cotagia,
745 617 826 665 illa,
851 617 1024 665 scilicet,
1048 630 1160 669 quae
1182 616 1399 656 situantur
1421 615 1475 656 ad
1495 614 1626 655 finem
1649 614 1752 655 dicti
1776 615 1986 668 mesuagii

263 690 303 729 in
334 691 559 743 praedicto
588 691 683 730 1-160
713 691 767 731 (16
800 691 1081 743 Houndgate‚
1105 689 1232 729 simul
1266 690 1426 730 situata
1456 689 1567 729 inter
1589 688 1812 741 quoddam
1843 688 1986 729 curtil-

263 764 409 816 agium
445 764 653 804 willelmi
689 764 727 804 le
763 765 940 817 Spycer,
972 763 1044 803 filii
1081 764 1284 816 Hugonis
1318 763 1355 803 le
1391 764 1568 816 Spycer,
1601 763 1655 802 de
1686 762 1986 815 Notyngham‚

263 852 318 877 ex
372 845 494 890 parte
546 838 816 887 occidentali,
859 845 900 879 et
953 838 1173 891 cotagium
1228 837 1429 877 Nicholai
1485 837 1694 885 Esmond,
1737 836 1842 876 alias
1884 836 1986 877 dicti

265 911 466 951 Nicholai
492 912 647 963 Bryan,
671 925 800 964 super
823 925 1047 951 corneram
1071 911 1265 951 venellae
1288 911 1486 951 ducentis
1516 924 1653 963 usque
1676 910 1714 950 16
1738 910 1988 963 Castelgate

262 998 319 1024 ex
352 992 475 1038 parte
507 985 726 1034 orientali;
760 992 802 1025 et
836 985 952 1025 aliud
986 985 1206 1038 cotagium
1238 985 1423 1026 situatur
1455 985 1497 1024 in
1521 985 1711 1038 quadam
1736 985 1805 1025 via
1834 992 1989 1025 vocata

263 1058 324 1098 ‘le
349 1058 635 1111 Berkergate’
669 1059 795 1099 villae
826 1059 1100 1112 Notingham
1131 1073 1261 1112 supra
1283 1059 1436 1108 dictae,
1460 1072 1557 1098 cum
1582 1059 1774 1111 quodam
1805 1060 1989 1112 gardino

262 1132 501 1185 adjacente,
535 1147 633 1173 cum
670 1133 941 1186 pertinentiis
976 1133 1074 1182 suis,
1106 1133 1216 1173 inter
1249 1134 1479 1186 gardinum
1514 1133 1728 1185 Johannis
1763 1133 1987 1173 &Vollaton

262 1220 318 1247 ex
352 1214 475 1259 parte
507 1207 716 1255 orientali,
749 1214 792 1247 et
824 1213 1076 1247 tenementa
1107 1207 1321 1259 Johannis
1355 1207 1568 1259 Odynges
1601 1220 1657 1246 ex
1696 1213 1818 1259 parte
1847 1207 1988 1247 occid-

262 1281 405 1329 entali,
449 1288 491 1321 et
543 1281 747 1322 abbuttat
789 1295 917 1334 super
959 1280 1273 1334 Ympynglane
1316 1295 1462 1321 versus
1514 1280 1702 1327 boriam;
1755 1287 1797 1320 et
1854 1294 1987 1320 unum

263 1355 537 1408 curtilagium
578 1356 694 1408 jacet
738 1356 777 1395 in
822 1369 951 1408 supra
993 1355 1111 1395 dicta
1152 1355 1220 1395 via
1264 1362 1417 1395 vocata
1460 1355 1520 1394 ‘le
1565 1354 1851 1407 Berkergate‚'
1890 1368 1987 1394 cum

264 1442 350 1469 una
384 1436 557 1470 tentura
595 1430 754 1470 ibidem
795 1430 1096 1483 supei‘situata‚
1136 1430 1246 1470 inter
1288 1430 1519 1482 gardinum
1556 1429 1771 1482 Johannis
1815 1429 1988 1477 Barker,

264 1504 317 1543 de
359 1503 574 1553 Hoknale,
613 1519 668 1544 ex
708 1511 830 1557 parte
866 1504 1075 1552 orientali,
1114 1511 1156 1543 et
1193 1503 1467 1555 curtilagium
1512 1510 1714 1556 spectans
1758 1503 1989 1545 Cantariae

263 1578 316 1618 de
370 1578 601 1631 Byngham
655 1594 710 1619 ex
765 1585 886 1631 parte
937 1578 1207 1626 occidentali,
1251 1585 1292 1617 et
1335 1577 1538 1618 abbuttat
1583 1591 1711 1630 super
1752 1577 1986 1618 chelarium

262 1652 457 1692 existens
500 1653 540 1692 in
579 1654 763 1705 gardino
801 1653 917 1706 quod
960 1652 1185 1705 Johannes
1227 1651 1399 1704 Hertyll
1440 1652 1571 1691 modo
1610 1658 1749 1701 tenet;
1792 1659 1834 1692 et
1872 1651 1988 1692 aliud

263 1726 535 1779 mesuagium
566 1727 775 1767 situatum
811 1733 876 1767 est
910 1727 949 1765 in
983 1726 1050 1766 via
1082 1732 1238 1766 106313
1261 1725 1715 1778 ‘XVlielwryghtgate'
1741 1739 1870 1779 super
1898 1739 1988 1766 cor-

262 1814 409 1840 neram
447 1801 642 1841 venellae
680 1808 860 1841 vocatae
899 1800 1221 1852 ‘Mothalgate‘
1263 1799 1462 1839 ducentis
1503 1813 1650 1839 versus
1686 1800 1889 1841 Castrum
1931 1813 1988 1840 ex

260 1881 383 1926 parte
421 1874 582 1923 boriali,
621 1882 663 1916 et
702 1875 974 1928 mesuagium
1014 1874 1221 1914 willelmi
1262 1873 1422 1915 stokes
1460 1887 1516 1913 ex
1555 1880 1678 1926 parte
1720 1873 1908 1923 australi,
1946 1881 1989 1914 et

261 1949 464 1990 abbuttat
487 1963 615 2002 super
638 1956 890 1990 tenementa
919 1949 1115 2002 ejusdem
1140 1947 1348 1987 willelmi
1372 1961 1519 1987 versus
1542 1948 1837 1997 occidentem3
1870 1949 1987 2000 quod

260 2023 437 2075 quidem
481 2024 764 2076 mesuagium,
808 2036 905 2063 cum
956 2023 1043 2062 suis
1092 2022 1374 2075 pertinentiis,
1418 2028 1547 2061 teneo
1589 2022 1643 2061 (16
1685 2021 1908 2062 Willelmo
1950 2022 1988 2062 le

262 2097 438 2149 Spycer,
479 2096 566 2136 filio
607 2097 810 2149 Hugonis
848 2097 886 2136 le
927 2097 1103 2149 Spycer,
1138 2096 1191 2136 ad
1230 2096 1463 2136 terminum
1502 2096 1736 2148 sexaginta
1773 2110 1986 2137 annorum

260 2170 452 2223 plenarie
489 2171 828 2224 completorum:
873 2171 1124 2210 habendum
1168 2177 1210 2210 61
1252 2170 1491 2210 tenendum
1535 2170 1807 2223 praedictum
1847 2184 1987 2211 mesu-

260 2244 406 2297 agium
440 2245 481 2284 in
517 2245 554 2284 16
589 2245 840 2297 Castelgate
870 2252 911 2285 et
942 2245 1164 2297 praedicta
1196 2251 1382 2297 quatuor
1417 2244 1588 2295 cotagia
1624 2244 1663 2283 in
1704 2245 1987 2298 Houndgate,

259 2332 358 2358 curn
382 2319 585 2359 omnibus
610 2319 881 2372 pertinentiis
905 2319 1002 2367 suis,
1026 2326 1068 2359 et
1098 2319 1321 2372 praedicta
1351 2319 1571 2371 cotagium
1600 2325 1641 2358 et
1671 2319 1854 2371 gardina
1884 2319 1925 2358 in
1950 2319 1987 2359 le

262 2392 536 2445 Berkergate,
561 2407 658 2433 cum
692 2393 902 2433 universis
935 2400 976 2433 et
1010 2393 1189 2445 singulis
1223 2391 1494 2445 pertinentiis
1527 2391 1624 2439 suis,
1656 2398 1744 2432 tam
1779 2393 1986 2433 terraneis

259 2480 390 2519 quam
415 2466 717 2515 subterraneis,
741 2480 870 2519 supra
893 2467 1019 2507 (116115
1041 2466 1231 2519 Johanni
1259 2466 1379 2506 Heth
1403 2473 1446 2506 et
1470 2466 1666 2518 Symoni,
1691 2466 1921 2507 heredibus
1943 2474 1987 2508 et

259 2541 491 2593 assignatis
524 2541 622 2590 suis,
646 2542 699 2581 de
733 2541 992 2594 capitalibus
1024 2540 1213 2580 dominis
1244 2539 1469 2580 feodorum
1505 2540 1674 2580 illorum
1708 2555 1784 2593 per
1813 2541 1987 2581 servitia

259 2615 407 2655 debita
436 2622 479 2655 et
512 2615 613 2655 inde
641 2615 695 2655 de
724 2615 819 2667 jure
849 2622 1068 2663 consueta,
1093 2615 1435 2666 imperpetuum:
1467 2613 1587 2653 salvo
1617 2627 1789 2667 semper
1817 2614 1983 2667 Agneti

261 2688 452 2741 Squer,
477 2689 609 2729 sorori
642 2702 775 2737 meae,
799 2689 853 2729 ad
877 2695 1016 2729 totam
1047 2689 1181 2728 vitam
1206 2701 1340 2735 suam,
1365 2701 1452 2727 uno
1478 2688 1799 2740 praedictorum
1823 2688 1986 2741 cotagi-

259 2776 382 2801 orum
417 2762 458 2801 in
494 2763 775 2815 Hounclgate,
799 2762 1010 2811 videlicet,
1035 2762 1108 2802 illo
1138 2762 1311 2814 cotagio
1340 2762 1502 2802 situato
1531 2762 1733 2814 proxime
1762 2762 1984 2815 cotagium

261 2836 463 2875 Nicholai
501 2837 711 2883 Esmond,
736 2836 776 2875 in
808 2850 894 2888 quo
930 2836 1023 2888 ipsa
1053 2835 1206 2888 Agnes
1236 2849 1350 2875 nunc
1382 2842 1549 2876 manet:
1582 2849 1631 2875 ac
1661 2836 1912 2876 habendum
1943 2843 1985 2877 et

259 2910 499 2949 tenendum
553 2909 824 2962 praedictum
876 2910 1148 2961 mesuagium
1202 2910 1242 2948 in
1294 2909 1704 2962 XVhelwryghtgate
1752 2911 1985 2963 praedictis

257 2983 448 3036 Johanni
486 2984 607 3023 Heth
640 2990 682 3023 et
716 2984 912 3035 Symoni,
946 2990 988 3023 et
1021 2983 1252 3036 assignatis
1285 2984 1382 3032 suis,
1414 2984 1467 3023 ad
1502 2984 1735 3023 terminum
1769 2984 1983 3036 praedict-

258 3071 381 3097 orum
415 3058 649 3110 sexaginta
682 3070 906 3105 annorum,
932 3057 1155 3097 reddendo
1188 3057 1414 3096 annuatim
1448 3071 1578 3109 supra
1610 3058 1728 3097 dicto
1760 3057 1984 3098 willelmo

260 3131 428 3183 Spycer
449 3131 690 3170 secundum
714 3129 899 3169 formam
923 3136 965 3170 et
997 3136 1191 3170 tenorem
1215 3131 1488 3183 quarundam
1520 3131 1848 3171 indenturarum
1872 3132 1985 3172 inter

259 3217 337 3244 nos
361 3204 460 3244 inde
484 3202 801 3252 confectarum3
836 3203 976 3251 libere,
1001 3203 1156 3255 quiete,
1180 3204 1346 3256 integre
1375 3210 1418 3244 et
1448 3203 1636 3257 pacifice,
1661 3219 1736 3258 per
1765 3205 1983 3258 praefatos

258 3284 515 3318 executores
549 3290 668 3317 meos
702 3277 980 3317 vendendum
1011 3284 1053 3317 et
1083 3277 1416 3329 disponendum.
1442 3277 1606 3330 absque
1639 3280 1984 3319 contradictione

259 3351 571 3404 cujuscumque
595 3364 815 3402 personae,
841 3351 879 3389 in
906 3349 1043 3390 forma
1071 3364 1199 3402 supra
1223 3351 1347 3391 (11613,
