2165 3835
311 402 392 453 316
574 411 793 444 RECORDS
825 411 886 444 OF
919 412 1019 443 THE
1051 411 1285 444 BOROUGH
1318 412 1378 443 OF
1412 411 1757 443 NOTTINGHAM.
1893 400 2020 454 [1482

311 534 598 587 Burgensium
630 535 878 588 praedictae
904 535 1030 576 villae
1059 536 1113 575 de
1146 534 1433 587 Notyngham
1464 535 1690 574 occasione
1720 533 2025 575 subtractionis

310 608 441 648 annui
465 608 658 649 redditus
681 609 891 662 praedicti
915 622 1046 662 quam
1070 622 1148 662 pro
1171 609 1289 648 misis
1312 614 1353 648 et
1376 608 1580 661 custagiis
1606 608 1692 648 suis
1722 608 1834 648 circa
1862 614 2025 649 sectam

310 682 352 721 in
389 681 469 722 hac
506 689 629 735 parte
665 683 875 736 appositis
917 683 972 724 ad
1013 683 1302 735 quadraginta
1344 681 1481 722 libras.
1558 682 1664 723 Ideo
1705 682 2026 723 consideratum

310 762 385 805 est,
422 757 539 809 quod
577 757 786 810 praedicti
828 771 942 798 nunc
985 757 1128 810 Major
1164 764 1206 797 et
1250 757 1491 809 Burgenses
1528 756 1774 809 praedictae
1811 755 1938 796 villae
1973 756 2028 796 de

310 830 600 884 Notyngham
634 838 888 884 recuperent
910 845 1056 871 versus
1086 830 1302 883 praefatos
1337 831 1524 871 Ballivos
1557 838 1599 871 et
1633 831 1875 884 Burgenses
1908 844 2027 883 prae-

310 905 452 945 dictae
484 905 610 946 villae
644 907 697 946 de
735 905 917 947 Retsord
953 918 1145 945 annuum
1181 906 1398 946 redditum
1433 905 1703 959 praedictum
1739 912 1780 946 et
1815 904 2030 957 arreragia

310 979 505 1031 ejusdem
549 987 638 1020 tam
682 987 783 1021 ante
826 981 940 1020 diem
985 979 1301 1032 impetrationis
1343 980 1483 1020 brevis
1524 980 1715 1032 ipsorum
1764 978 1945 1031 Majoris
1987 984 2029 1018 et

311 1053 599 1106 Burgensium
643 1055 891 1107 praedictae
932 1054 1059 1094 villae
1100 1054 1154 1094 de
1203 1054 1490 1107 Notyngham
1533 1067 1664 1107 quam
1708 1060 1816 1106 post,
1860 1066 2028 1093 necnon

310 1127 504 1179 dampna
533 1141 610 1167 sua
639 1128 862 1180 praedicta
891 1128 945 1168 ad
977 1128 1267 1181 quadraginta
1295 1128 1424 1169 libras
1447 1142 1522 1181 per
1547 1129 1760 1180 juratores
1784 1128 2029 1181 praedictos

310 1201 353 1240 in
376 1200 515 1241 forma
538 1202 761 1254 praedicta
785 1215 971 1242 assessa:
1004 1215 1115 1255 quae
1144 1203 1319 1255 quidem
1351 1203 1565 1255 arreragia
1592 1210 1633 1243 et
1655 1203 1849 1255 dampna
1871 1202 1913 1241 in
1936 1208 2029 1242 toto

310 1289 355 1315 se
397 1276 619 1328 attingunt
662 1277 714 1316 ad
760 1276 983 1329 octoginta
1025 1282 1067 1317 et
1104 1276 1304 1317 undecim
1344 1277 1483 1325 libras,
1522 1277 1749 1317 tresdecim
1789 1276 1950 1316 solidos
1988 1282 2030 1316 et

310 1356 497 1401 quatuor
518 1350 727 1391 denarios.
794 1351 850 1391 Et
873 1351 1081 1404 praedicti
1114 1350 1264 1391 Ballivi
1289 1358 1331 1391 et
1362 1351 1605 1404 Burgenses
1635 1351 1883 1404 praedictae
1905 1350 2031 1390 villae

311 1427 366 1467 de
391 1425 573 1467 Retford
597 1427 638 1466 in
664 1427 965 1475 misericordia,
990 1427 1114 1467 etc.'''

400 1501 449 1540 In
480 1500 601 1553 cujus
631 1501 688 1540 rei
719 1501 1017 1541 testimonium
1049 1501 1348 1553 praesentibus
1375 1501 1563 1553 sigillum
1588 1507 1783 1541 nostrum
1808 1500 1861 1540 ad
1885 1499 2032 1540 brevia

312 1575 353 1613 in
398 1575 545 1615 Banco
587 1575 818 1628 sigillanda
859 1576 1117 1628 deputatum
1162 1576 1321 1628 apponi
1364 1575 1553 1615 fecimus.
1635 1575 1768 1615 Teste
1819 1572 2031 1627 T[homa]

314 1649 470 1702 Bryan,
514 1650 629 1702 apud
675 1650 1129 1698 Wlestmonasterium5
1174 1651 1228 1689 ix.
1277 1650 1346 1690 die
1398 1650 1515 1697 Maii,
1559 1663 1673 1689 anno
1724 1648 1843 1701 regni
1896 1648 2031 1688 nostri

312 1723 527 1763 vicesimo.
1848 1723 2029 1762 Forster.

1907 1797 2029 1848 4516.

585 1945 1153 1999 CXXIX.—E1lgagcmcul
1173 1946 1226 1997 os
1247 1960 1272 1985 a
1297 1945 1407 1985 Allan
1432 1952 1469 1985 [0
1493 1945 1612 1984 malfe
1642 1945 1759 1984 siles.

944 2039 1060 2087 1481,
1086 2037 1329 2076 December
1357 2047 1414 2075 12.

399 2126 622 2179 johannes
661 2126 819 2166 Howet
843 2127 1034 2179 queritur
1056 2127 1110 2167 de
1140 2127 1341 2179 Johanne
1372 2126 1628 2166 Frodisham
1656 2126 1710 2165 tle
1739 2126 1900 2178 placito
1930 2139 2030 2166 con-

314 2201 529 2241 ventionis
553 2200 762 2253 fracta[e].
829 2201 886 2241 Et
918 2201 1034 2241 unde
1065 2201 1180 2242 idem
1212 2201 1435 2254 Johannes
1468 2201 1508 2239 in
1540 2199 1714 2252 propria
1740 2213 1925 2253 persona
1954 2213 2031 2240 sua

314 2274 517 2327 queritur,
540 2275 657 2327 quod
688 2288 786 2315 cum
811 2275 951 2315 dictus
980 2275 1214 2328 johannes,
1237 2276 1377 2328 primo
1406 2276 1475 2315 die
1507 2275 1737 2324 Februarii,
1762 2288 1878 2315 anno
1910 2274 2029 2327 regni

317 2348 450 2401 Regis
489 2348 694 2388 Edwardi
732 2348 887 2402 Quarti
926 2349 1047 2398 xix.,1
1088 2350 1155 2389 hic
1198 2351 1313 2403 apud
1352 2349 1637 2403 Notingham,
1674 2350 1914 2390 conductus
1951 2347 2031 2388 fuit

315 2436 413 2463 curn
436 2423 660 2475 praedicto
689 2422 892 2475 Johanne
917 2423 1077 2464 Howet
1103 2424 1158 2464 ad
1182 2423 1426 2465 faciendum
1451 2424 1507 2464 xl.
1532 2422 1580 2464 Μ1
1601 2424 1656 2464 de
1677 2424 1735 2464 les
1755 2423 1853 2476 tylis
1874 2437 1898 2463 a
1921 2421 2032 2463 festo

318 2496 509 2537 Paschae
550 2496 755 2549 proximo
796 2503 895 2550 post
931 2497 1080 2538 datam
1123 2498 1389 2551 praedictam
1432 2511 1568 2552 usque
1604 2497 1761 2538 festum
1805 2496 2032 2537 Michaelis

316 2573 521 2626 proximo
552 2585 749 2625 sequens,
771 2578 866 2622 etc.;
898 2573 1145 2625 praedictus
1174 2580 1320 2614 tamen
1352 2573 1586 2626 Johanne5‚
1610 2572 1709 2612 licet
1737 2571 1919 2625 saepius,
1942 2577 2033 2619 ete,

317 2650 524 2699 nondum,
548 2656 641 2690 ete:
675 2649 790 2690 unde
819 2649 933 2699 dicit,
957 2651 1074 2703 quod
1101 2651 1386 2691 deterioratus
1416 2658 1480 2691 est
1510 2657 1552 2691 et
1574 2651 1784 2691 damnum
1815 2648 1947 2689 habet
1977 2648 2031 2689 ad

317 2724 551 2764 valentiam
577 2723 672 2772 xls.;
705 2730 746 2763 et
779 2724 879 2764 inde
911 2725 1110 2777 producit
1139 2731 1311 2765 sectam.
1377 2725 1434 2765 Et
1464 2724 1709 2777 praedictus
1738 2719 1961 2776 Johannes
1990 2722 2030 2762 in

317 2798 491 2851 propria
513 2811 698 2851 persona
721 2811 798 2839 sua
819 2798 947 2845 venit,
970 2805 1012 2839 et
1035 2797 1228 2840 defendit
1257 2800 1343 2839 vim
1374 2806 1416 2840 et
1445 2798 1666 2852 injuriam;
1700 2804 1741 2838 et
1764 2796 1878 2846 dicit,
1903 2797 2033 2849 quod,

319 2879 396 2913 ete.
1739 2882 1854 2922 1370,
1877 2885 1913 2924 p.
1945 2882 2031 2912 100.

320 3018 722 3062 CXXX—Action
744 3021 919 3073 against
937 3034 963 3060 a
989 3020 1179 3074 Surgcon
1191 3019 1449 3073 forfizilm‘e
1471 3026 1509 3060 to
1530 3018 1637 3061 Cure
1657 3033 1713 3058 an
1737 3018 1920 3071 lnjnred
1934 3017 2031 3071 Leg.

949 3113 1113 3162 1481-2,
1139 3111 1360 3164 February
1381 3112 1416 3150 6.

408 3200 621 3240 Ricardus
666 3200 831 3247 Brown,
864 3214 1033 3252 yomcm,
1071 3201 1262 3253 queritur
1302 3201 1356 3242 de
1397 3200 1571 3240 Thoma
1613 3199 1718 3247 Ball,
1753 3210 1941 3252 surgam,
1979 3199 2034 3239 de

321 3272 480 3327 placito
518 3275 880 3327 transgressionis.
946 3275 1004 3315 Et
1040 3275 1155 3315 unde
1192 3275 1304 3315 idem
1341 3288 1524 3327 querens
1561 3274 1602 3314 in
1640 3273 1813 3326 propria
1849 3285 2033 3325 persona

879 3376 887 3389 ¹
914 3373 1076 3414 Tuesday,
1098 3373 1262 3414 February
1282 3382 1308 3411 1,
1332 3373 1478 3412 1479-80.
