2165 3835
274 408 348 445 188
532 414 753 446 RECORDS
785 413 846 445 OF
878 413 978 444 THE
1012 411 1246 444 BOROUGH
1280 412 1340 443 OF
1376 411 1722 442 NOTTINGHAM.
1859 401 1987 454 [1448

266 537 518 585 ‘Henricus‚
564 537 648 577 Dei
691 537 853 590 gratia'
897 536 992 589 [etc.,
1037 535 1217 588 rcciting
1258 534 1440 576 Clmrler
1479 534 1533 585 of
1563 533 1691 586 King
1728 532 1879 584 Hemy
1933 532 1988 581 V,

265 611 344 650 No.
370 611 522 650 XXX
536 611 575 651 V
573 611 671 659 Ill„
686 618 727 663 p.
752 622 808 661 94
829 611 882 662 of
895 610 980 650 llcis
1001 609 1191 662 volume]

354 686 447 725 Nos
490 692 648 735 autem,
686 685 835 725 omnia
875 691 918 724 et
959 684 1130 737 singula
1172 682 1446 731 franchesiaS,
1485 681 1717 731 libertates,
1754 680 1989 734 privilegia,

266 759 540 812 quietantias,
565 760 874 807 immunitates,
902 758 1214 806 concessiones,
1238 756 1590 797 confirmationes
1620 762 1662 796 et
1693 754 1988 795 restitutiones

267 834 490 886 praedicta
519 840 612 874 rata
641 833 852 873 habentes
882 839 924 873 et
954 838 1087 885 grata,
1112 845 1172 881 ea,
1196 845 1274 884 pro
1303 831 1438 879 nobis,
1468 830 1699 870 heredibus
1729 836 1771 870 et
1801 842 1990 869 success-

267 908 412 948 oribus
455 909 624 957 nostris,
660 914 873 960 quantum
917 907 958 946 in
1002 906 1127 946 nobis
1170 912 1246 954 est,
1284 911 1574 958 acceptamus,
1609 903 1905 957 approbamus
1949 909 1992 943 et

268 981 543 1031 ratificamus,
582 996 630 1022 ac
673 982 821 1022 omnia
862 988 905 1021 et
947 981 1118 1033 singula
1160 979 1436 1028 franchesias,
1479 979 1712 1028 libertates,
1756 976 1990 1030 privilegia,

267 1057 531 1109 quietantias
581 1063 622 1097 et
665 1056 964 1096 immunitates
1008 1055 1231 1107 praedicta
1271 1053 1440 1094 dilectis
1483 1052 1607 1093 nobis
1657 1065 1770 1092 nunc
1821 1050 1991 1103 Majori‚

269 1130 445 1171 Ballivis
478 1136 520 1171 et
554 1130 848 1183 Burgensibus
881 1129 1008 1169 villae
1041 1128 1300 1181 praedictae,
1334 1127 1564 1168 heredibus
1597 1133 1639 1167 et
1671 1125 1992 1166 successoribus

268 1206 366 1255 suis,
403 1212 553 1246 tenore
595 1205 889 1257 praesentium
933 1203 1213 1243 concedimus
1255 1209 1298 1242 et
1340 1200 1661 1249 confirmamus,
1701 1200 1811 1240 sicut
1848 1206 1993 1240 cartae

268 1280 517 1332 praedictae
554 1278 868 1319 rationabiliter
904 1284 1120 1318 testantur
1157 1283 1199 1317 et
1237 1283 1364 1330 prout
1403 1276 1534 1316 iidem
1571 1275 1725 1328 Major,
1758 1273 1911 1314 Ballivi
1949 1280 1992 1313 et

271 1355 514 1407 Burgenses
537 1354 733 1406 ejusdem
757 1353 883 1393 villae
911 1352 1212 1405 Notynghamy
1237 1351 1302 1391 vel
1333 1351 1687 1403 praedecessores
1710 1349 1773 1388 sui
1797 1360 1992 1400 unquam

271 1428 531 1477 franchesiis,
556 1427 838 1475 libertatibus,
866 1426 1111 1479 privilegiis,
1135 1425 1387 1478 quietantiis
1416 1431 1459 1465 et
1490 1422 1840 1464 immunitatibus
1871 1435 1993 1475 prae-

271 1503 397 1543 dictis
439 1503 500 1543 uti
538 1509 579 1543 et
617 1502 806 1555 gaudere
841 1500 1013 1549 debent,
1049 1506 1286 1552 potuerunt
1323 1513 1397 1539 seu
1431 1499 1686 1546 debuerunt,
1722 1497 1890 1549 ipsique
1927 1496 1993 1536 vel

270 1577 623 1629 praedecessores
661 1576 725 1616 sui
763 1574 1024 1622 franchesiis‚
1058 1573 1341 1623 libertatibus,
1379 1572 1624 1626 privilegiis,
1662 1571 1915 1624 quietantiis
1951 1578 1994 1610 et

271 1643 620 1691 immunitatibus
662 1649 744 1689 illis
786 1662 980 1702 unquam
1023 1654 1122 1701 post
1164 1647 1483 1688 confectionem
1525 1652 1741 1687 cartarum
1780 1645 1994 1698 praedict-

271 1738 392 1765 arum
427 1723 741 1765 rationabiliter
773 1723 834 1763 uti
867 1729 910 1763 et
943 1723 1133 1775 gaudere
1165 1728 1494 1770 consueverunt,
1528 1727 1765 1774 potuerunt
1796 1720 1863 1760 vel
1891 1719 1988 1760 deb-

270 1806 447 1848 uerunt;
485 1799 584 1839 licet
616 1799 720 1839 dicti
759 1811 872 1838 nunc
909 1798 1063 1850 Major,
1099 1797 1252 1837 Ballivi
1287 1803 1329 1837 et
1366 1797 1609 1849 Burgenses
1642 1795 1838 1848 ejusdem
1868 1794 1995 1834 villae

272 1874 336 1914 vel
367 1874 722 1927 praedecessores
755 1873 818 1913 sui
852 1872 1115 1922 sranchesiis,
1149 1871 1432 1920 libertatibus,
1466 1870 1711 1923 privilegiis,
1744 1868 1995 1922 quietantiis

271 1955 313 1989 et
362 1948 712 1989 immunitatibus
754 1947 986 2000 praedictis
1029 1960 1103 1986 seu
1146 1959 1294 1986 eorum
1339 1945 1485 1998 aliquo
1528 1944 1648 1984 abusi
1691 1943 1758 1984 vel
1801 1956 1887 1984 non
1930 1942 1995 1982 usi

272 2022 438 2063 fuerint.

360 2097 416 2137 Et
453 2096 643 2145 ulterius,
681 2097 735 2136 de
772 2096 957 2136 uberiori
995 2095 1135 2148 gratia
1171 2101 1329 2143 nostra,
1363 2107 1419 2134 ex
1458 2106 1577 2133 mero
1615 2100 1761 2134 motu1
1799 2099 1842 2133 et
1879 2098 1996 2133 certa

270 2172 450 2212 scientia
473 2171 641 2219 nostris,
666 2171 970 2219 concessimus,
989 2176 1031 2210 et
1054 2183 1129 2222 per
1151 2174 1401 2222 praesentes
1425 2166 1734 2208 confirmamus
1757 2180 1835 2220 pro
1858 2166 1995 2216 nobis,

270 2246 500 2286 heredibus
533 2252 576 2285 et
608 2244 927 2285 successoribus
961 2244 1129 2293 nostris,
1163 2257 1276 2283 nunc
1311 2242 1605 2295 Burgensibus
1638 2241 1834 2295 ejusdem
1867 2241 1996 2282 villae

272 2320 573 2374 Notyngham’
597 2320 727 2372 (quae
750 2326 815 2359 est
838 2326 880 2359 et
903 2333 927 2359 a
950 2319 1023 2359 diu
1046 2318 1195 2358 extitit
1217 2317 1317 2357 villa
1341 2317 1420 2357 sub
1438 2323 1555 2356 certa
1574 2315 1712 2356 forma
1735 2315 1995 2369 corporata),

270 2409 319 2435 ac
362 2394 598 2435 eorundem
644 2394 931 2446 Burgensium
975 2392 1205 2433 heredibus
1248 2398 1289 2432 et
1330 2391 1660 2440 successoribus,
1700 2391 1995 2444 Burgensibus

271 2469 404 2522 ipsius
427 2469 563 2518 villae,
582 2468 915 2521 imperpetuum,
934 2468 1051 2520 quod
1076 2467 1177 2507 villa
1199 2466 1271 2506 illa
1288 2467 1342 2506 de
1362 2466 1531 2519 Majore
1553 2472 1595 2506 et
1619 2465 1915 2518 Burgensibus
1937 2478 1995 2505 ex

271 2557 385 2583 nunc
415 2543 736 2595 imperpetuum
767 2542 822 2582 sit
845 2549 1094 2594 corporata;
1127 2547 1169 2581 et
1191 2541 1309 2593 quod
1337 2541 1467 2580 iidem
1499 2539 1643 2592 Major
1665 2547 1708 2580 et
1739 2540 1995 2593 Burgenses‚

271 2624 314 2659 et
347 2630 615 2658 successores
650 2616 725 2665 sui,
751 2616 942 2669 Majores
977 2622 1019 2656 et
1055 2616 1298 2668 Burgenses
1331 2614 1458 2654 villae
1492 2613 1603 2653 illius
1636 2614 1695 2653 sic
1731 2620 1995 2666 corporatae,

271 2693 357 2733 sint
379 2706 466 2732 una
495 2691 787 2731 communitas
816 2697 1028 2743 perpetua
1056 2695 1286 2742 corporata
1315 2689 1355 2727 in
1387 2702 1430 2728 re
1459 2694 1502 2728 et
1525 2687 1702 2728 nomine
1731 2701 1807 2740 per
1836 2700 1995 2727 nomen

273 2767 454 2820 Majoris
477 2772 519 2806 et
543 2765 831 2817 Burgensium
856 2764 983 2804 villae
1013 2763 1336 2816 Notyngham';
1369 2762 1648 2815 habeantque
1677 2762 1995 2801 successionem

272 2846 550 2894 perpetuam,
583 2846 625 2879 et
655 2839 772 2891 quod
809 2838 953 2891 Major
982 2845 1024 2878 et
1058 2839 1302 2889 Burgenses
1335 2836 1462 2877 villae
1494 2836 1617 2885 illius,
1651 2842 1693 2876 et
1725 2849 1995 2876 successores

273 2916 336 2955 sui
374 2914 595 2967 praedicti,
633 2927 709 2966 per
746 2913 861 2953 idem
900 2926 1059 2953 nomen
1098 2913 1184 2953 sint
1225 2911 1391 2952 habiles
1429 2917 1471 2951 et
1508 2924 1690 2963 capaces
1727 2910 1769 2950 in
1808 2910 1903 2963 lege
1940 2909 1996 2949 ad

273 2989 528 3029 omnimoda
570 2987 739 3040 placita,
783 2993 933 3035 sectas,
973 2987 1169 3040 querelas
1211 2993 1254 3027 et
1294 2985 1547 3034 demandas
1590 2997 1758 3024 necnon
1802 2984 1996 3025 actiones

274 3063 419 3113 reales,
443 3061 702 3115 personaleS,
726 3067 768 3101 et
799 3061 988 3101 mixtas2
1014 3074 1313 3114 quascumque
1342 3073 1418 3113 per
1446 3060 1563 3113 ipsos
1592 3072 1666 3099 seu
1696 3064 1848 3099 contra
1880 3058 1996 3111 ipsos

275 3144 395 3178 mota
435 3150 510 3177 seu
553 3136 771 3176 movenda
812 3135 853 3174 in
897 3135 1245 3188 quibuscumque
1287 3135 1427 3177 Curiis
1469 3133 1638 3183 nostris,
1676 3132 1885 3173 heredum
1928 3130 1996 3171 vel

274 3223 571 3252 successorum
614 3216 872 3259 nostrorum,
916 3216 990 3250 aut
1041 3209 1223 3250 aliorum
1276 3221 1662 3262 quorumcumque,
1705 3213 1795 3248 tam
1849 3218 1994 3246 coram

275 3286 410 3332 nobis,
447 3284 677 3325 heredibus
719 3284 784 3324 vel
828 3283 1147 3324 successoribus
1189 3283 1357 3328 nostris.
1396 3282 1659 3335 ubicumque
1697 3280 1914 3329 fuerimus,
1953 3285 1996 3319 et

408 3378 414 3392 ¹
443 3376 504 3407 See
523 3375 688 3414 Glossary,
709 3384 767 3404 sxa.
795 3374 925 3404 ‘Metus
943 3372 1078 3404 Motus·
1340 3376 1350 3388 -“
1377 3374 1438 3404 See
1456 3372 1621 3411 Closs-sam,
1641 3381 1700 3402 sa.
1726 3367 1867 3401 ‘Actia'
