2165 3835
284 400 368 431 210
550 397 769 431 RECORDS
800 399 861 431 OF
893 399 994 431 THE
1026 400 1262 432 BOROUGH
1294 401 1355 432 OF
1389 401 1736 433 NOTTINGHAM.
1872 393 2001 446 [1452

280 522 489 562 duximus
520 523 858 575 procedendum,
880 523 984 576 quin
1015 523 1150 563 immo
1173 523 1436 563 remissionis
1462 523 1714 576 hujusmodi
1737 538 1787 564 ac
1816 525 2001 577 perdon-

281 596 438 637 ationis
461 603 635 637 nostrae
658 597 931 650 largitionem
955 603 998 637 et
1020 598 1205 650 gratiam
1230 598 1436 638 adventui
1459 611 1607 638 sacrae
1624 598 1708 638 diei
1734 599 2002 648 Parasceves,

282 670 492 719 videlicet,
516 671 728 723 septimae
758 671 842 711 diei
875 671 1041 724 Aprilis
1068 671 1222 712 ultimo
1251 672 1521 725 praeteritae,
1544 672 1813 713 decrevimus
1842 687 2002 714 reserv-

280 744 453 793 andam,
473 750 520 785 ut
541 758 593 785 ea
610 745 787 798 quidem
806 745 876 785 die
898 745 1162 786 remissionis
1185 752 1228 786 et
1246 746 1544 798 indulgentiae
1567 752 1741 786 nostrae
1754 746 2001 800 largitatem

281 818 610 871 impertiremur,
646 833 732 872 qua
769 819 1041 872 Redemptor
1077 821 1212 860 nostri
1250 820 1568 873 amplissimum
1606 826 1649 860 et
1686 820 2003 861 inaestimabile

284 892 400 934 Suae
423 893 712 934 miserationis
739 900 782 934 et
804 894 1102 947 indulgentiae
1124 893 1383 935 beneficium
1407 895 1607 935 universo
1629 894 1823 935 humano
1844 895 2002 948 generi,

281 966 390 1007 miro
422 968 614 1020 quodam
647 973 690 1008 et
726 967 934 1008 ineffabili
972 968 1242 1009 liberalitatis
1280 975 1322 1009 et
1359 967 1683 1010 munificentiae
1718 982 1822 1009 suae
1858 969 2002 1020 modo,

280 1042 531 1082 decreverat
553 1042 836 1095 largiendum.

369 1116 541 1156 Horum
585 1117 715 1169 igitur
756 1117 828 1169 pia
868 1123 911 1157 et
954 1116 1155 1170 religiosa
1189 1117 1538 1158 consideratione
1579 1117 1777 1170 permoti,
1818 1117 1876 1157 ob
1918 1117 2001 1158 Dei

279 1190 576 1239 reverentiam,
599 1190 1025 1244 gloriosissimaeque
1054 1191 1258 1244 Virginis,
1289 1191 1530 1232 Genetricis
1562 1192 1688 1240 Suae,
1719 1192 2000 1241 Mariae,—in

279 1264 401 1318 cujus
436 1264 609 1305 laudem
645 1270 687 1304 et
721 1264 931 1305 honorem
967 1264 1248 1318 collegiorum
1283 1272 1530 1306 nostrorum
1566 1264 1844 1306 fundationes
1878 1279 2001 1306 erex-

279 1339 401 1388 imus,
425 1345 468 1379 et
500 1339 541 1378 in
573 1352 716 1391 quam,
739 1345 839 1391 post
871 1339 1028 1388 Deum,
1051 1345 1190 1380 totam
1223 1353 1346 1392 spem
1374 1346 1567 1380 nostram
1595 1338 2001 1392 praefiximus,—ac

278 1415 527 1468 praedictae
556 1415 641 1455 diei
670 1416 929 1456 Parasceves
956 1416 1157 1456 universo
1186 1416 1332 1469 generi
1363 1415 1557 1456 humano
1586 1415 1831 1469 specialiter
1851 1430 2000 1457 vener-

278 1490 429 1539 andae,
467 1489 601 1542 ipsius
646 1490 955 1543 Redemptoris
998 1490 1145 1539 nostri,
1183 1497 1398 1543 quatenus
1440 1489 1680 1530 sufficimus
1716 1497 1759 1531 et
1795 1490 2001 1540 valemus,

277 1564 531 1617 exemplum
571 1564 729 1604 imitari
771 1564 978 1613 volentes,
1016 1565 1070 1604 de
1111 1565 1252 1617 gratia
1293 1571 1442 1605 nostra
1482 1564 1658 1617 speciali
1701 1570 1744 1605 et
1786 1578 1842 1604 ex
1884 1570 2002 1605 certa

277 1638 458 1678 scientia
499 1644 541 1678 et
585 1651 704 1678 mero
747 1645 868 1679 motu
918 1639 1076 1679 nostris
1118 1639 1237 1680 dicto
1278 1639 1348 1679 die
1392 1639 1651 1679 Parasceves
1692 1639 2001 1692 perdonandas

276 1713 524 1753 censuimus
562 1714 847 1754 remittendas
884 1720 926 1754 et
965 1714 1238 1763 relaxandas,
1274 1728 1323 1754 ac
1361 1714 1402 1753 in
1442 1713 1658 1767 praesenti
1693 1714 2000 1766 perdonandas

277 1800 503 1827 censemus
546 1788 831 1828 remittendas
873 1795 915 1829 et
959 1789 1232 1838 relaxandas,
1276 1802 1444 1829 necnon
1495 1802 1571 1841 per
1611 1794 1862 1841 praesentes
1907 1802 2000 1841 per-

276 1861 502 1911 donamus,
545 1862 807 1903 remittimus
859 1868 901 1902 et
944 1863 1195 1903 relaxamus
1248 1862 1406 1915 Majori
1449 1868 1491 1902 et
1536 1862 1832 1915 Burgensibus
1873 1861 2001 1902 villae

278 1936 589 1989 Notyngham’‚
625 1950 699 1976 seu
737 1937 1085 1990 quibuscumque
1127 1937 1220 1977 aliis
1263 1936 1512 1976 nominibus
1553 1942 1823 1985 censeantur,
1860 1935 1999 1976 omni-

277 2011 430 2050 modas
457 2011 833 2063 transgressiones,
858 2010 1058 2060 offensas,
1083 2011 1399 2064 mesprisiones,
1423 2016 1702 2063 contemptus
1734 2016 1777 2050 et
1809 2009 1999 2062 impetit-

277 2083 397 2124 iones
427 2098 503 2137 per
531 2085 648 2137 ipsos
680 2085 895 2138 Majorem
925 2092 968 2126 ct
1000 2086 1244 2138 Burgenses
1273 2091 1376 2125 ante
1397 2085 1563 2125 dictum
1593 2084 1709 2125 diem
1742 2084 2000 2124 Parasceves

276 2164 428 2198 contra
465 2157 649 2198 formam
689 2159 967 2201 Statutorum
1005 2160 1059 2199 de
1099 2159 1316 2200 Liberatis
1355 2159 1604 2199 Pannorum
1641 2165 1685 2199 et
1722 2158 1999 2211 Capiciorum

276 2229 413 2272 factas
449 2232 539 2273 sive
575 2239 858 2286 perpetratas,
897 2234 1012 2273 unde
1049 2233 1220 2286 punitio
1256 2233 1431 2273 caderet
1473 2233 1515 2273 in
1554 2232 1684 2273 finem
1722 2239 1765 2273 et
1801 2233 2000 2285 redemp-

274 2305 451 2355 tionem,
475 2312 549 2346 aut
579 2306 620 2346 in
653 2306 759 2346 alias
789 2320 953 2359 poenas
983 2307 1264 2360 pecuniarias,
1288 2321 1362 2347 seu
1386 2307 1786 2360 imprisonamenta‚
1811 2307 1999 2349 Statutis

276 2380 510 2431 praedictis
534 2394 620 2421 non
644 2381 930 2421 obstantibus.

364 2455 421 2495 Et
456 2456 640 2509 insuper,
665 2470 722 2496 ex
759 2462 880 2496 motu
911 2462 954 2496 et
983 2456 1164 2497 scientia
1193 2456 1350 2496 nostris
1380 2456 1623 2509 praedictis,
1647 2455 1998 2508 perdonavimus,

275 2529 520 2569 remisimus
542 2536 585 2569 et
610 2529 906 2570 relaxavimus
928 2530 1093 2570 eisdem
1117 2530 1275 2583 Majori
1305 2537 1348 2571 et
1372 2530 1667 2583 Burgensibus
1693 2536 1857 2570 sectam
1880 2530 1999 2582 pacis

276 2609 459 2651 nostrae,
484 2617 596 2655 quae
625 2604 679 2643 ad
712 2617 790 2643 nos
813 2618 961 2643 versus
991 2605 1107 2656 ipsos
1134 2605 1331 2657 pertinet,
1356 2619 1434 2658 pro
1462 2604 1726 2645 omnimodis
1759 2604 1998 2657 prodition-

275 2677 381 2725 ibus,
416 2678 611 2725 murdris,
647 2678 844 2730 raptibus
880 2678 1122 2728 mulierum,
1152 2679 1469 2727 rebellionibus,
1500 2678 1894 2736 insurrectionibus,
1924 2677 1998 2718 fel—

275 2752 395 2800 oniis,
419 2753 828 2805 conspirationibus,
851 2754 1158 2806 cambipartiis,
1189 2755 1529 2795 manutenentiis
1558 2761 1600 2795 et
1632 2754 1926 2803 imbraciariis,
1949 2767 1998 2793 ac

276 2825 368 2865 aliis
403 2827 831 2879 transgressionibus,
866 2826 1054 2877 offensis,
1093 2828 1380 2881 negligentiis,
1422 2828 1754 2877 extortionibus,
1797 2828 1997 2881 mespris-

276 2899 457 2949 ionibus,
492 2901 760 2953 ignorantiis,
796 2902 1133 2954 contemptibus,
1164 2902 1444 2943 forisfacturis
1481 2910 1523 2943 et
1555 2902 1886 2955 deceptionibus
1923 2915 1999 2955 per

276 2973 392 3026 ipsos
425 2974 642 3027 Majorem
676 2981 719 3015 ct
754 2975 1000 3027 Burgenses
1032 2976 1406 3029 qualitercumque
1438 2976 1562 3016 factis
1596 2976 1685 3016 sive
1716 2976 1996 3028 perpetratis;

276 3061 324 3087 ac
354 3048 485 3087 etiam
516 3048 740 3101 utlagaria,
764 3049 797 3089 si
822 3063 934 3102 quae
958 3050 999 3089 in
1030 3050 1147 3102 ipsos
1170 3050 1386 3103 Majorem
1417 3057 1459 3090 et
1482 3050 1726 3102 Burgenses
1748 3048 1829 3089 hiis
1851 3063 1996 3089 occas-

276 3121 456 3170 ionibus,
499 3135 573 3161 seu
616 3135 763 3162 earum
808 3123 963 3175 aliqua,
1006 3122 1164 3164 fuerint
1209 3124 1497 3177 promulgata,
1540 3131 1582 3164 et
1624 3123 1792 3164 firmam
1842 3137 1995 3176 pacem

276 3201 469 3235 nostram
504 3196 563 3235 eis
598 3196 699 3236 inde
732 3197 1032 3237 concedimus:
1065 3198 1126 3238 ita
1159 3205 1318 3247 tamen,
1345 3199 1462 3251 quod
1497 3204 1613 3238 stent
1647 3204 1764 3239 recto
1793 3198 1834 3237 in
1867 3198 1997 3239 Curia

276 3275 424 3308 nostra
460 3269 493 3309 si
531 3270 626 3322 quis
669 3284 817 3310 versus
860 3284 933 3311 eos
977 3271 1094 3324 loqui
1136 3272 1319 3312 voluerit
1355 3273 1409 3312 de
1446 3272 1704 3325 praemissis,
1740 3271 1807 3312 vel
1850 3271 1996 3324 aliquo

276 3343 624 3394 praemissorum.
