2165 3835
265 403 348 442 280
528 410 748 443 RECORDs
780 411 840 443 oF
873 411 973 444 THE
1006 411 1241 444 BOROUGH
1275 411 1335 442 OF
1370 410 1716 442 NOTTINGHAM.
1852 401 1976 454 [1471

263 533 434 573 Aliciae
458 534 716 587 Lyversege,
740 536 794 575 de
827 536 1111 588 Notingham,
1135 535 1252 587 quod
1286 534 1379 586 ipsa
1401 533 1479 573 suit
1509 539 1552 573 et
1580 539 1645 573 est
1671 546 1771 572 vera
1799 539 1984 585 patrona

262 607 405 648 dictae
445 609 674 658 cantariae,
713 616 755 650 et
796 610 875 649 sibi
914 610 1101 663 pertinet
1138 609 1192 648 de
1231 608 1325 660 jure
1362 607 1441 647 hac
1480 607 1571 646 vice
1608 613 1885 659 praesentare
1927 607 1981 647 ad

259 682 454 722 eandem.
510 682 568 723 Et
586 683 687 735 quia
708 683 790 723 hoc
814 684 1037 737 negotium
1062 682 1352 735 inquisitionis
1376 695 1452 733 per
1473 681 1697 721 Vicarium
1721 680 1981 721 Generalem

259 755 440 808 praefati
486 757 852 798 Reverendissimi
898 759 1035 798 Patris
1087 756 1375 797 committitur
1426 756 1556 795 etiam
1611 755 1703 795 aliis
1751 755 1980 807 judicibus,

259 829 470 879 videlicet,
520 831 734 883 Magistro
786 832 985 872 Thomae
1038 832 1195 884 Byron,
1248 830 1573 869 Archidiacono
1628 830 1981 882 Notinghamiae,

262 903 443 943 Decano
495 904 848 957 Notinghamiae‚
901 913 943 946 et
987 905 1201 958 Magistro
1255 904 1444 944 Ricardo
1499 904 1668 952 Lovett,
1711 904 1886 944 Vicario
1928 904 1981 944 de

263 977 546 1030 Rodyngton,
566 985 694 1031 prout
717 979 758 1018 in
782 979 907 1019 certis
932 979 1083 1019 litteris
1106 978 1425 1018 commissionis
1448 978 1550 1018 dicti
1571 978 1731 1018 Vicarii
1756 977 1981 1018 Generalis

261 1051 429 1104 plenius
463 1053 720 1101 continetur,
756 1054 864 1105 petit
899 1067 997 1105 pars
1033 1053 1202 1092 Aliciae
1237 1052 1495 1105 praedictae,
1531 1053 1647 1104 quod
1687 1053 1765 1104 ipsi
1802 1060 1982 1104 expect-

262 1132 388 1165 entur
420 1140 495 1178 per
523 1140 599 1166 vos
632 1140 768 1179 usque
798 1128 851 1167 ad
882 1128 996 1167 diem
1028 1133 1352 1179 competentem
1384 1141 1459 1179 per
1481 1141 1557 1166 vos
1588 1127 1912 1179 assignandum,
1937 1133 1984 1167 ut

261 1213 348 1239 una
384 1200 607 1239 vobiscum
646 1202 879 1252 procedere
916 1202 1084 1253 possint
1122 1201 1200 1253 ipsi
1236 1201 1414 1253 judices,
1453 1201 1485 1240 si
1524 1201 1748 1248 voluerint,
1788 1200 1853 1239 vel
1893 1201 1984 1252 ipse

263 1273 500 1313 eorundem
524 1274 596 1325 qui
626 1274 819 1323 voluerit,
844 1281 885 1314 et
916 1275 1009 1327 ipsa
1031 1275 1175 1314 Alicia
1205 1276 1259 1314 ad
1290 1275 1612 1315 ostendendum
1641 1282 1683 1315 et
1706 1275 1982 1327 probandum

263 1346 437 1387 titulum
473 1360 598 1387 suum
635 1348 688 1387 ad
720 1348 789 1400 jus
827 1355 1083 1400 patronatus
1122 1350 1331 1402 praedicti
1367 1350 1551 1397 admitti,
1588 1349 1780 1401 aliasque
1816 1348 1904 1389 fieri
1942 1356 1984 1390 et

262 1421 433 1461 decerni
458 1421 498 1460 in
524 1422 770 1473 praemissis
794 1430 921 1474 prout
944 1424 1146 1463 convenit
1176 1424 1395 1463 canonicis
1427 1424 1646 1472 institutis,
1667 1423 1761 1475 jure
1789 1423 1984 1463 beneficii

263 1495 303 1534 in
328 1495 530 1535 omnibus
554 1509 726 1548 semper
748 1497 897 1536 salvo}
1862 1509 1983 1549 4413.

279 1668 764 1710 CXIX-Indictmmt
784 1669 876 1708 aad
893 1669 1067 1708 Proccss
1088 1669 1263 1721 against
1291 1669 1474 1708 Thomas
1508 1669 1644 1709 IVlaz'tc
1655 1670 1736 1721 for
1756 1669 1966 1722 Rz'otz‘azg2

918 1770 1033 1810 1471,
1055 1760 1169 1812 June
1198 1761 1331 1810 15-16.

348 1866 507 1906 VILLA
539 1867 875 1915 NOTINGHAM’‚
898 1867 1070 1906 scilicet.
1134 1866 1269 1915 Alias,
1293 1867 1466 1915 scilicet,
1490 1867 1560 1907 die
1594 1867 1746 1907 Lunae
1779 1867 1986 1919 proximo

263 1947 362 1993 post
384 1940 542 1981 festum
574 1941 763 1982 Sanctae
792 1941 1068 1993 Margaretae
1090 1941 1294 1993 Virginis,
1319 1954 1434 1981 anno
1463 1940 1584 1993 regni
1616 1941 1748 1993 Regis
1781 1941 1985 1981 Edwardi

264 2015 418 2068 Quarti
449 2014 713 2064 undecimo‚3
735 2028 810 2067 per
839 2022 1160 2055 sacramentum
1186 2015 1300 2068 xijcm
1321 2015 1562 2068 juratorum
1594 2015 1742 2055 extitit
1766 2022 1985 2067 praesent-

263 2095 395 2138 atum,
438 2090 555 2141 quod
598 2089 793 2129 Thomas
836 2090 1011 2142 Whyte,
1055 2090 1108 2129 de
1159 2090 1459 2142 Notyngham‚
1504 2090 1544 2129 in
1591 2090 1813 2131 Comitatu
1857 2090 1986 2129 villae

265 2164 635 2216 Notynghamiae,
670 2163 821 2213 becher,
857 2164 983 2203 simul
1021 2177 1118 2204 cum
1157 2164 1260 2212 aliis,
1299 2164 1369 2203 die
1412 2163 1595 2205 Sabbati
1638 2163 1843 2216 proximo
1886 2170 1985 2216 post

264 2237 421 2278 festum
447 2238 650 2291 Corporis
675 2237 846 2287 Christi,
869 2251 984 2278 anno
1011 2238 1129 2291 regni
1156 2238 1289 2291 Regis
1314 2238 1518 2278 Edwardi
1543 2237 1697 2291 Quarti
1722 2237 1987 2286 undecimo‚4

264 2313 376 2353 circa
416 2312 568 2352 horam
611 2312 826 2352 decimam
870 2312 1065 2365 ejusdem
1109 2312 1204 2361 diei,
1246 2313 1286 2352 vi
1336 2318 1378 2352 et
1427 2312 1568 2360 armis,
1611 2310 1774 2352 scilicet
1816 2311 1985 2365 gladiis,

263 2387 492 2440 daggariis,
508 2386 675 2439 glez'vz's,
706 2387 1084 2435 Normandibz'lles,
1114 2386 1298 2426 arcubus
1330 2386 1475 2435 tensis,
1499 2392 1541 2426 et
1573 2385 1756 2439 sagittas
1788 2386 1831 2426 in
1865 2399 1986 2426 man-

264 2460 358 2501 ibus
395 2461 481 2500 suis
520 2460 767 2510 ferentibus,
802 2468 844 2502 et
881 2461 974 2501 aliis
1008 2461 1137 2501 armis
1174 2460 1417 2509 defensivis,
1453 2461 1701 2513 aggregatis
1738 2460 1818 2501 sibi
1853 2474 1985 2513 quam

264 2535 457 2587 pluribus
488 2534 838 2576 malefactoribus
869 2542 911 2576 et
934 2535 1051 2588 pacis
1083 2535 1262 2575 Domini
1289 2534 1421 2587 Regis
1445 2534 1829 2586 perturbatoribus,
1854 2535 1986 2574 modo

264 2609 586 2649 insurrectionis
619 2616 661 2649 et
694 2609 829 2649 riotae
862 2609 1044 2659 areiatis,
1068 2609 1183 2662 apud
1216 2608 1501 2661 Notingham,
1526 2608 1567 2648 in
1603 2608 1826 2649 Comitatu
1859 2608 1988 2648 villae

266 2683 562 2736 Notingham’,
586 2697 642 2723 ex
676 2683 842 2724 malitia
874 2697 951 2724 sua
983 2683 1282 2736 praecogitata
1314 2683 1355 2722 in
1392 2682 1633 2722 Robertum
1665 2683 1847 2731 Osteler,
1872 2696 1986 2723 serv—

265 2757 425 2797 ientem
458 2756 666 2797 willelmi
707 2757 985 2810 Conyngton,
1018 2757 1227 2798 insultum
1263 2756 1466 2805 fecerunt,
1502 2763 1545 2796 et
1582 2757 1723 2809 ipsum
1762 2756 1986 2797 verberav—

265 2837 400 2880 erunt,
442 2831 777 2872 vulneraverunt
819 2838 862 2872 et
908 2831 1021 2872 male
1062 2837 1368 2880 tractaverunt,
1412 2837 1563 2871 contra
1604 2844 1756 2883 pacem
1803 2831 1985 2871 Domini

267 2905 411 2958 Regis.

331 3039 339 3052 ¹
365 3036 445 3067 This
462 3036 637 3068 document
656 3037 681 3067 is
703 3037 858 3075 undated,
878 3037 935 3068 but
953 3037 977 3067 it
995 3047 1060 3067 was
1191 3035 1340 3067 stitution
1357 3034 1395 3065 of
1414 3034 1582 3065 Laurenee
1602 3035 1733 3073 Parker,
1754 3035 1854 3073 clerk‚
1875 3040 1908 3066 to
1931 3035 1987 3066 the

265 3091 385 3131 clearly
413 3091 542 3121 written
574 3090 691 3131 during
724 3091 778 3122 the
809 3091 997 3132 episcopate
1028 3091 1065 3121 of
1191 3091 1328 3130 ehantry
1344 3090 1376 3121 in
1399 3089 1453 3121 the
1471 3089 1604 3121 Church
1621 3091 1659 3121 of
1678 3091 1710 3121 S.
1732 3091 1828 3131 Mary
1844 3091 1882 3122 of
1900 3091 1984 3122 Not-

267 3146 396 3186 George
416 3146 558 3183 Neville,
573 3146 680 3177 which
697 3147 858 3177 extended
876 3147 959 3177 from
980 3147 1059 3186 1465
1192 3144 1338 3185 tingham
1370 3143 1473 3174 called
1505 3144 1560 3175 the
1603 3145 1745 3185 ‘Amyas
1782 3141 1985 3182 Cha‘untrie,’

266 3206 299 3231 to
320 3201 410 3240 1476.
460 3201 568 3233 There
590 3202 615 3232 is
632 3212 674 3233 no
692 3203 867 3233 document
889 3203 988 3233 about
1005 3202 1060 3233 the
1193 3206 1307 3230 vacant
1325 3200 1368 3240 by
1384 3200 1438 3231 the
1456 3200 1553 3231 death
1571 3199 1608 3230 of
1624 3199 1713 3240 John
1735 3200 1848 3238 Dawe,
1869 3209 1913 3230 on
1931 3198 1986 3230 the

266 3255 389 3295 Amyas
417 3255 565 3296 Chantry
590 3255 622 3286 in
658 3255 815 3287 Neville’s
848 3257 998 3296 Register
1028 3262 1060 3287 at
1192 3255 1413 3296 presentation
1441 3255 1478 3286 of
1499 3255 1594 3286 Alice
1621 3255 1816 3295 Lyversege,
1844 3254 1882 3284 of
1901 3254 1984 3284 Not-

269 3309 371 3346 York,
391 3309 449 3340 but
473 3310 528 3341 the
545 3309 713 3351 following
736 3316 800 3341 two
817 3311 1061 3351 appointments
1192 3309 1350 3349 tingham,
1386 3309 1522 3347 widow3
1552 3310 1628 3349 leeg.
1667 3309 1736 3339 Geo.
1768 3308 1907 3345 Asew'lle,
1938 3307 1981 3338 fo.

269 3372 365 3393 occur
390 3363 531 3394 therein:
560 3364 600 3401 Ι.,
624 3371 715 3402 1470,
740 3364 932 3405 September
957 3372 987 3402 9,
1009 3364 1060 3394 In-
1197 3365 1305 3403 123b:
1331 3362 1391 3401 11„
1425 3371 1515 3403 1471,
1548 3364 1626 3404 May
1658 3364 1706 3401 18,
1737 3363 1927 3395 Institution
1953 3363 1990 3394 of
